3044 4926
247 403 311 466 324
679 398 843 483 Τραγῳδίαι.

244 643 334 710 σαντ’
358 643 473 710 ίσίσεται
498 650 532 710 eb
555 645 632 710 Pae.
650 645 725 710 535.
750 643 842 710 Idem
860 649 909 710 est
927 643 1048 723 barnerio
1064 643 1165 727 (Poll.
1184 646 1215 708 6.
1234 645 1288 727 19)

245 770 279 830 ei
302 767 520 846 σακεοιιστιίριον
543 765 688 851 (Sobol.).
713 765 860 830 Verbum
884 772 1050 845 τρυγοιτεῖν
1069 765 1175 832 habet
1192 765 1284 833 Suid.

245 887 450 953 Vocabulum
482 888 656 953 formatum
688 893 739 953 est
770 908 790 953 a
813 908 884 954 voc.
909 886 980 966 τρύξ-
1003 893 1038 953 et
1060 888 1144 953 ίτοῦν
1168 890 1287 974 (τρυγο

245 1012 340 1093 στος),
364 1008 439 1074 vide
463 1007 703 1091 βδελλολοίρυγξ.
728 1047 772 1057 -
796 1008 844 1074 Of.
870 1009 971 1096 praef.
995 1011 1017 1094 ξ
1037 1011 1057 1073 3
1074 1012 1099 1074 ί.

288 1130 464 1212 τρυγῳδία
496 1130 619 1196 dictum
648 1136 697 1197 est
721 1152 779 1219 pro
804 1131 939 1212 κωμῳδία
963 1132 1023 1197 Ασ.
1048 1131 1133 1196 Acb.
1160 1135 1227 1197 499
1252 1139 1285 1199 et

244 1254 326 1318 500:
350 1254 383 1316 τὸ
406 1254 465 1332 γοδρ
488 1252 593 1316 δίκαιον
616 1249 675 1316 οίδε
699 1253 748 1317 καί
773 1253 927 1334 τρυγῳδία.
954 1252 1007 1318 Sic
1028 1253 1209 1334 τρνγῳδίς
1226 1276 1284 1342 pro

243 1374 375 1455 καμῳδίς
399 1375 500 1461 Vesp.
526 1374 601 1437 650.
629 1375 712 1438 1537
746 1378 781 1438 et
811 1373 849 1440 ir.
876 1374 958 1459 149,
983 1394 1013 1439 v.
1039 1376 1077 1440 9:
1104 1379 1208 1456 πρῶτα
1232 1375 1285 1452 μὲν

244 1495 403 1575 Σαννυρίων
425 1493 486 1560 οίτδ
509 1499 564 1559 τῶν
587 1495 748 1579 τρνγῳδῶν,
773 1495 942 1573 τρυγικίς
965 1516 1024 1582 pro
1048 1495 1176 1573 κωμικός
1201 1497 1283 1563 Acb'.

244 1619 326 1703 628,
350 1615 561 1696 τρυγῳδικίς
584 1637 642 1702 pro
667 1615 829 1695 κωμῳδικθς
854 1615 935 1682 th.
962 1617 1044 1681 886:
1068 1613 1153 1692 ἦλθες
1171 1619 1284 1690 τοθεινίρ

241 1737 295 1813 μὲν
318 1735 498 1817 τρυγῳδικοῖς
521 1743 626 1816 χοροῖς.
651 1735 798 1802 Tandem
823 1736 1105 1819 τρυγοδαίμονες
1127 1737 1284 1806 dicuntur

242 1856 266 1920 oi
300 1856 506 1932 κακοδαίμονες
541 1857 680 1936 τρυγῳδοί
714 1878 739 1923 a.
774 1857 903 1939 κωμῳδοί
936 1858 1022 1924 Nub.
1056 1860 1142 1925 296:
1178 1862 1212 1926 οὔ
1242 1863 1284 1938 μὴ

242 1977 352 2058 σκώψει
376 1976 447 2054 μηδὲ
471 1977 595 2051 ποιήσεις
618 1975 693 2056 ν’ίτερ
716 1978 755 2043 οί·”
764 1978 986 2057 τρυγοδαίμονες
1001 1975 1086 2045 οὗτοι.
1112 1979 1163 2046 Of.
1180 1995 1283 2046 κοιλιο-

242 2100 353 2176 δαίμων
376 2122 400 2166 s.
425 2122 474 2183 v.,
498 2099 686 2181 κρονοδαίμυν
711 2091 793 2166 com.
818 2123 915 2166 anon.
940 2103 970 2166 4.
997 2103 1080 2186 665,
1105 2104 1282 2184 σοροδαίμων

243 2240 324 2284 eom.
356 2241 452 2285 anon.
485 2222 504 2283 4
541 2222 624 2304 667,
655 2220 835 2296 κακοδαίμων
860 2222 1034 2290 Stratonic.
1060 2245 1112 2311 ap.
1138 2224 1221 2291 Ath.
1248 2229 1278 2290 8.

244 2341 308 2404 352
324 2340 355 2405 b.
389 2341 496 2415 Quare
528 2341 697 2408 comoedia
726 2343 870 2424 τρυγῳδία
894 2343 1017 2409 dictum
1041 2345 1084 2410 sit
1108 2366 1177 2412 non
1201 2367 1279 2412 con·

242 2465 323 2527 etat:
356 2461 478 2527 Athen.
506 2463 534 2525 1.
559 2465 602 2527 46
618 2463 657 2546 ί),
689 2463 766 2551 quia
793 2465 873 2529 κατὰ
899 2464 948 2530 τδν
970 2474 1023 2542 τῆς
1045 2466 1159 2548 τρύγης
1183 2467 1278 2548 καιρόν

241 2581 381 2667 primum
404 2581 539 2646 inventa
562 2588 622 2650 est.
648 2582 776 2650 Schol.:
800 2585 846 2650 διαὶ
870 2585 903 2650 τὸ
927 2586 1024 2664 τρύγα
1047 2586 1177 2653 ἔταθλον
1200 2603 1281 2666 λαμ-

240 2702 340 2779 βοίνειν
364 2703 380 2778 ἢ
403 2702 449 2766 δνσὶ
473 2704 506 2767 τὸ
529 2702 614 2782 τρυγὶ
639 2704 769 2784 χρίεσθαι
792 2705 849 2777 τοὶς
872 2703 963 2785 ὄψεις.
988 2705 1035 2772 Of.
1054 2706 1277 2774 Horatianum

241 2825 424 2912 peruncti
447 2823 627 2889 faecibus
652 2845 728 2890 ora.

285 2947 500 3028 τρυγῳδικίς
524 2946 599 3014 vide
624 2970 648 3012 a.
673 2971 702 3013 v.
727 2947 882 3030 τρυγῳδία.

286 3069 670 3148 τρυγῳδοποιομουσική
704 3069 871 3157 Aristoph.
904 3070 941 3135 fr.
967 3072 1050 3136 333:
1087 3066 1120 3144 ἦν
1144 3073 1230 3151 μέγα
1253 3100 1280 3139 τι

240 3192 335 3270 βρῶμ’
369 3191 411 3255 ἔτι
446 3190 757 3270 τρυγῳδοποιομουσική
793 3192 833 3256 ab
870 3192 911 3256 H.
944 3192 1058 3280 steph.
1093 3194 1280 3281 explicatur

245 3313 386 3394 „musica
421 3310 579 3377 faciendis
615 3311 790 3378 comoediis
823 3312 988 3395 adhibita,
1022 3313 1075 3377 vel
1106 3322 1279 3402 poetarum

242 3433 471 3516 comicorum'';
489 3432 569 3498 nihil
586 3432 674 3498 aliud
690 3434 834 3500 indicare
851 3433 981 3501 videtur
996 3457 1096 3523 quam
1113 3437 1278 3521 τρυγῳδία,

241 3555 315 3620 vide
342 3577 366 3619 a.
392 3578 421 3618 v.
446 3554 569 3619 Kocle:
609 3561 699 3636 „erat
722 3577 801 3620 sane
825 3556 991 3622 fructuosa
1015 3557 1277 3625 Atheniensibus

241 3675 442 3742 comoedia
472 3698 510 3740 eo
544 3676 708 3762 tempore''
733 3699 802 3763 sqq.
826 3678 1043 3759 Τρυγῳδοτοιίς
1069 3685 1187 3746 extero
1213 3702 1276 3746 non

240 3799 381 3880 videtur,
405 3797 548 3878 τρυγῳδία
569 3798 644 3862 vide
661 3820 685 3862 s.
702 3821 732 3863 r.
750 3799 905 3880 τρυγῳδία.
931 3839 973 3850 -
998 3800 1047 3866 ef.
1065 3801 1165 3889 praef
1187 3805 1276 3887 §la

285 3919 457 4001 σρυγῳδίς
482 3919 555 3984 vide
581 3942 605 3983 e.
630 3943 659 3984 v.
685 3921 840 4001 τρυγῳδία.

286 4043 395 4120 τρύμκ
432 4042 548 4123 „tritus
579 4042 613 4106 in
645 4042 818 4106 versutiia”
851 4043 972 4129 legitur
999 4043 1054 4110 Ar.
1079 4044 1169 4110 Nub.
1196 4048 1275 4112 448:

241 4159 357 4244 κύρβις,
381 4161 534 4240 κρόταλον,
560 4162 687 4238 κίναδος,
711 4164 815 4243 τριίμιρ.
841 4165 977 4252 Proprie
1001 4172 1051 4230 est
1079 4166 1276 4249 „foramen’'.

242 4282 262 4345 i.
295 4306 325 4369 q.
357 4286 412 4359 σ’τιί
444 4284 576 4349 atinde
600 4285 640 4350 de
665 4306 703 4350 eo
729 4283 861 4372 dicitur,
887 4288 942 4373 qui
966 4309 1024 4375 per
1048 4291 1201 4375 quamvis
1224 4312 1277 4355 an·

243 4410 373 4487 gustum
405 4405 550 4471 foramen
582 4407 724 4493 effugere
749 4414 849 4494 queat
871 4409 962 4493 (BL).
991 4410 1089 4476 Phot.
1117 4415 1194 4479 608.
1221 4414 1274 4477 15:
