3044 4926
239 315 303 379 184
672 317 832 381 Κλαυσιῖιν.

240 561 461 644 οἰμτολουργίς)
494 593 534 617 --
567 560 719 635 κλοίδευσις
750 567 785 628 et
816 563 996 647 κλαδευτήρ,
1030 566 1221 648 κλαστήριον·
1243 567 1274 633 τί

238 683 376 766 δρέπανον
398 678 419 766 ᾧ
443 683 612 750 κλαδεύουσι
636 685 774 771 (Schol.)
798 714 840 743 =
863 687 1064 770 κλαδευτήριον
1091 689 1271 776 (Hesyah.).

239 845 282 856 -
305 805 392 872 Vide
414 806 551 894 praefat.
576 808 594 890 ξ
617 810 648 871 2.
674 831 704 871 α.
726 809 755 873 1.

283 931 459 995 κλαυσιῖιν
495 927 535 994 de
568 928 708 1015 strepitu
738 927 857 993 ianuae
890 933 1067 1017 usurpetur
1099 929 1158 998 Ar.
1191 930 1275 998 Plut.

244 1053 346 1119 1099:
383 1050 467 1115 ἄλλα
498 1050 574 1125 δῆτα
606 1050 638 1115 τὸ
672 1049 758 1130 ίήριον
789 1050 991 1133 φθεγγόμενον
1015 1048 1116 1124 ἄλλως
1139 1059 1275 1137 κλαυσιᾷ.

242 1171 377 1239 Suidas:
413 1175 575 1237 κλαυσιιῖυ·
613 1171 712 1252 κυρίως
747 1172 780 1236 τὸ
815 1175 899 1252 ήχεῑν
935 1173 1083 1250 αὐτοματὶ
1118 1173 1152 1238 τὸ
1184 1173 1276 1256 θύριον.

237 1293 364 1360 Eodem
395 1314 493 1358 sensu
527 1293 629 1374 τρίζεω
653 1292 693 1357 de
718 1293 858 1380 strepitu
881 1293 999 1358 ianuae
1024 1315 1075 1382 ap.
1102 1294 1214 1360 Nilum
1237 1294 1275 1362 de

239 1418 313 1480 ooto
337 1413 425 1478 vitiis
449 1435 477 1480 o.
503 1416 533 1477 6.
581 1413 628 1478 Of.
653 1413 769 1494 ἔβραχε
794 1416 886 1496 (καλοὶ
912 1414 1046 1500 θύρετρα)
1069 1414 1131 1480 od.
1155 1423 1195 1499 φ.
1218 1417 1276 1498 49,

239 1540 348 1617 ψοφεῖν
372 1533 448 1599 Eur.
474 1534 572 1599 Here.
600 1536 651 1598 78.
678 1535 753 1621 Lys.
777 1535 885 1618 1.14;
914 1537 1060 1599 κλαυσιῖιν
1083 1534 1172 1623 apud
1197 1535 1276 1601 Poll.

241 1657 272 1723 2.
298 1657 339 1720 64
364 1659 414 1719 est
436 1653 471 1718 rt
493 1658 623 1719 κλαῦσαι
647 1654 748 1737 ίίλειν,
774 1655 796 1718 i.
821 1676 852 1741 q.
878 1656 1032 1720 κλαυσείω.

285 1778 545 1856 κλαυοίμαχος
585 1775 643 1841 Ar.
683 1775 760 1841 Pao.
804 1776 905 1840 1293:
949 1773 1046 1855 ἀνδρὸς
1085 1774 1279 1858 βουλομάχου

242 1896 291 1960 καί
318 1894 529 1975 κλαυσιμάχου
561 1894 634 1967 τινος
659 1895 716 1966 υἱός
741 1894 786 1958 Η.
812 1894 1000 1982 Stephanus
1023 1894 1278 1982 interpretatur:

246 2019 417 2099 „fleturus,
448 2017 525 2104 quia
548 2038 628 2105 paoe
653 2017 806 2083 restituta
827 2017 893 2082 iam
917 2018 1111 2104 belligerare
1135 2040 1204 2085 non
1226 2040 1280 2107 po·

243 2138 361 2223 terit'';
397 2137 539 2225 Blaydes
577 2159 636 2226 pro
673 2138 871 2214 κλαυσίμενος
906 2139 1051 2227 positum
1086 2140 1281 2205 vocabulum

243 2258 339 2336 dioit,
358 2279 459 2346 quare
477 2258 575 2324 etiam
592 2257 789 2335 κλαυοομένου
807 2260 971 2347 proponit.
996 2258 1045 2325 cf.
1063 2260 1281 2333 xaoeooitemor

244 2403 296 2470 op.
321 2381 478 2468 sequior,
504 2379 707 2457 κλαυσίγελως
732 2380 819 2445 Xon.
845 2380 932 2446 Holl.
952 2381 981 2445 7.
1008 2382 1037 2444 2.
1064 2382 1094 2444 9.
1121 2379 1172 2446 De
1197 2400 1282 2445 oom-

244 2504 408 2596 positione
432 2525 455 2568 s.
467 2525 495 2568 v.
520 2499 774 2583 βορβοροτάραξις.
799 2502 924 2567 Vooab.
942 2506 993 2567 est
1010 2501 1134 2568 oomioe
1151 2501 1282 2585 fiotum,

246 2647 319 2691 oum
350 2625 508 2690 allusione
536 2624 635 2689 etiam
660 2623 701 2689 ad
726 2645 846 2690 nomen
870 2624 1045 2703 Lamaohi,
1070 2624 1155 2690 siout
1180 2625 1278 2691 etiam

246 2766 316 2814 voe.
339 2743 549 2830 βουλίμαχος,
575 2743 662 2831 quod
686 2744 770 2811 vide.
889 2745 893 2754 '

292 2870 560 2942 κλεττίστατοι
597 2870 813 2956 superlativus
849 2869 971 2934 comice
1003 2868 1099 2935 fietus
1133 2869 1284 2936 vooabuli

248 2990 377 3067 κλίττιρς
400 2991 521 3079 legitur
544 2990 601 3056 Ar.
627 2991 716 3057 Plut.
739 2993 797 3055 27:
826 2989 1021 3073 „morituros
1038 2988 1173 3069 ήγοῦμκί
1185 3016 1218 3056 σε
1234 2990 1283 3057 καί

248 3111 498 3178 κλεττίστατον”.
542 3111 711 3178 Gomioum
749 3111 811 3176 hoo
849 3111 1009 3177 vocabulo
1046 3111 1169 3177 imitati
1209 3117 1285 3178 sunt

249 3235 386 3302 Aristot.
411 3233 583 3322 physiogn.
601 3235 632 3299 2.
654 3235 703 3316 15,
729 3233 1016 3322 Arciphr.111.20
1040 3239 1074 3299 et
1099 3233 1193 3300 Sext.
1210 3234 1284 3300 Em·

249 3356 339 3446 pirio.
363 3354 473 3444 pyrrh.
498 3357 529 3423 3.
554 3356 629 3420 215.
653 3353 739 3421 Vide
763 3354 935 3443 praefat.§
956 3358 1005 3424 12.
1028 3354 1078 3423 cf.
1096 3355 1284 3442 ποτίσταται,

249 3478 527 3562 τλεουεκτίστατος,
551 3476 798 3559 ὀψοφαγίστατος
823 3477 949 3541 similia.

295 3600 530 3682 κληρωτήριον
571 3620 690 3683 „urna,
729 3601 762 3665 in
803 3621 867 3686 qua
906 3599 1127 3665 sortiebantur
1161 3599 1285 3665 iudices

250 3728 285 3793 in
320 3745 384 3814 quo
419 3724 489 3790 foro
523 3718 723 3787 iudicarent’'
760 3719 908 3808 (Blayd.)
947 3721 1068 3807 legitur
1102 3719 1161 3785 Ar.
1196 3720 1284 3786 Eool.

253 3850 335 3914 681:
359 3846 400 3911 τοὶ
423 3845 452 3909 a
475 3844 653 3924 κληρωτήρια
676 3849 728 3906 ποῖ
748 3842 882 3925 τρίψεις;
906 3841 1031 3906 Pollue.
1061 3842 1109 3906 10.
1128 3842 1190 3906 61:
1214 3855 1287 3916 κλιν-

251 3969 406 4053 ρωτήριονε,
427 3968 452 4033 εί
481 3967 541 4046 γὰρ
571 3966 620 4030 καί
644 3963 691 4029 ἐπὶ
714 3969 765 4030 τοῦ
789 3963 877 4028 σίτου
901 3963 987 4028 ἔοικεν
1010 3964 1134 4042 είρήσίαι
1159 3962 1287 4039 τοῦνομα

253 4093 282 4157 ἕν
311 4091 352 4165 τῶ
381 4090 459 4171 Γήρᾳ
481 4086 757 4168 Ἀριστοφάνους
782 4085 909 4171 (fragm.
938 4085 1031 4168 146),
1055 4084 1140 4149 ἀλλὰ
1163 4084 1213 4148 καί
1239 4082 1286 4148 ixi

252 4215 304 4276 τοῦ
333 4208 459 4287 ἀγγείου
491 4206 527 4273 ἂν
558 4204 725 4288 οίρμίσειευε
750 4205 797 4271 ibi
820 4206 919 4292 igitur
943 4205 1138 4291 significatio
1162 4205 1288 4271 ineerta

255 4336 317 4399 ost.
340 4327 565 4395 eonferendus
589 4332 639 4394 est
662 4327 761 4393 etiam
785 4326 1002 4393 Sohoemann.
1027 4325 1068 4393 de
1084 4326 1191 4394 sortit
1206 4325 1289 4395 iuti·
