3044 4926
247 327 287 390 18
670 323 852 402 Ἀμεινίνοις.

244 571 275 637 3.
300 571 364 652 48,
386 568 441 634 ubi
466 569 564 634 etiam
588 568 695 648 ίιριινος
712 591 754 636 ex
772 569 993 656 Aristophane
1011 568 1063 657 (fr.
1081 569 1174 660 735),
1191 570 1277 658 quod

243 696 277 756 et
300 691 340 756 Dr
365 691 399 758 Ο.
424 694 477 757 56.
504 691 678 757 rehobot.

287 814 476 893 ιὶμεινίνωρ
520 816 776 904 (comparativus
814 814 1026 900 adverbialis)
1065 815 1189 904 legitur
1226 838 1278 904 ap.

242 934 409 1023 Aristoph.
442 936 480 1004 fr.
514 938 587 1002 340.
619 937 712 1002 Haeo
743 937 846 1002 forma
876 958 955 1002 num
989 938 1030 1002 ab
1061 937 1132 1024 ipso
1157 937 1278 1003 oomioo

243 1057 319 1123 fieta
349 1059 391 1122 sit
422 1059 516 1123 iuxta
546 1060 732 1145 vulgarem,
765 1081 848 1146 quae
880 1066 931 1126 est
961 1058 1077 1137 ίιμεινον
1112 1059 1163 1147 (ei.
1196 1082 1227 1125 v.
1250 1080 1277 1126 o.

241 1180 340 1244 Isoor.
373 1181 403 1245 5.
440 1183 519 1246 132;
555 1178 690 1262 ,οίμεινον
714 1178 883 1265 τριίττειν”,
907 1180 1148 1269 comparativus
1171 1184 1224 1245 τοῦ
1247 1175 1278 1244 εὖ

241 1300 392 1385 τριίττειν)
417 1302 577 1367 incertum
601 1309 668 1380 est,
694 1302 752 1368 sed
775 1303 950 1367 multarum
975 1304 1126 1386 aliarum,
1154 1307 1192 1366 ut
1206 1301 1277 1380 βελ-

241 1422 355 1507 τιίνως,
385 1423 537 1504 χειρόνως,
571 1424 706 1496 κοικιίνιις
740 1430 836 1509 cett,
870 1446 954 1513 quae
985 1425 1177 1511 praesertim
1205 1443 1277 1489 oum

243 1546 349 1611 verbis
372 1545 452 1626 ἔχειν
475 1552 509 1611 et
532 1545 689 1610 διοικεῖσθαι
706 1546 897 1631 iunguntur,
915 1546 1098 1632 analogiam
1115 1545 1278 1632 sequitur;

242 1665 281 1730 ef.
309 1665 409 1753 praei.
434 1667 451 1749 ξ
477 1669 514 1729 11
534 1687 561 1730 a.
587 1664 680 1731 Idem
705 1667 792 1732 valet
816 1665 856 1731 de
881 1667 980 1732 verbo
1004 1666 1178 1748 νίδιιχείν,
1203 1665 1224 1729 i.
1249 1686 1277 1730 e.

241 1788 348 1862 κνήίειν
369 1788 536 1871 „soabere,
553 1786 720 1872 scalpere''
738 1808 787 1872 ap.
807 1787 964 1874 Aristoph
992 1786 1030 1850 fr.
1044 1787 1127 1851 410:
1148 1784 1281 1867 ,ιίδιιχεί

241 1912 301 1988 γὰρ
333 1911 423 1974 αὐτοῦ
454 1909 502 1972 τὸν
532 1905 617 1989 οίχορ’
650 1908 764 1986 ἐκλέγει
797 1907 824 1972 τ’
853 1909 899 1973 οίεί
933 1911 965 1974 ἐκ
997 1913 1047 1973 τοῦ
1079 1907 1191 1986 γενείου
1222 1907 1277 1979 eda

242 2028 375 2104 τοοιιίς”.
401 2019 477 2096 Alia
500 2031 603 2095 forma
627 2052 698 2096 esse
723 2029 852 2096 videtur
875 2052 934 2117 pro
959 2052 1012 2114 ea,
1037 2051 1134 2117 quam
1150 2029 1278 2116 Hippo·

241 2159 346 2220 oratos
376 2154 546 2240 usurpavit
576 2151 697 2229 ιίδιιξιίω
730 2150 784 2239 (of.
815 2149 924 2228 ι’διίξω,
956 2149 1115 2234 ίδιίξομιιι,
1152 2147 1276 2228 taneta:

240 2277 394 2364 Hippoor.
418 2275 570 2362 Xenoph.
597 2274 734 2361 Antiph.
759 2273 853 2339 Diod.
880 2273 943 2339 Sio.
968 2272 1119 2355 Aeliam).

283 2397 481 2472 ιίμντίσκος
509 2416 647 2480 „parvus
670 2391 751 2470 ιίμνς
776 2394 963 2482 (placentae
987 2414 1091 2480 genus
1114 2392 1275 2479 laoteae)’'

240 2520 360 2604 legitur
382 2515 470 2605 apud
494 2516 693 2582 'Peleolidem
717 2517 754 2581 in'
775 2516 811 2581 fr.
837 2520 873 2592 1,
891 2538 919 2581 v.
940 2519 996 2581 12:
1020 2517 1108 2581 ίττιιί
1126 2516 1154 2579 δὲ
1171 2516 1277 2597 κίχλαι

239 2639 308 2717 μετ’
339 2642 509 2716 οίμιρτίοιιιιν
541 2639 581 2711 είς
605 2638 652 2703 τὸν
674 2636 788 2722 φάρυγ’
812 2638 1001 2705 εἰσεπέτοντο.
1026 2637 1275 2703 Demiuutivum

241 2769 291 2827 est
321 2762 408 2826 vocis
439 2758 537 2842 ι’ίμνι,
572 2781 655 2846 quae
684 2760 803 2845 legitur
826 2782 876 2846 ap.
902 2760 960 2825 Ar.
985 2760 1018 2822 in
1042 2759 1130 2823 Plut.
1159 2781 1187 2824 v.
1211 2761 1277 2825 999

242 2891 276 2950 et
306 2884 389 2950 Ath:
418 2886 447 2946 6.
481 2884 545 2946 262
571 2905 605 2965 ο,
634 2886 682 2947 14.
708 2882 771 2946 544
797 2903 830 2963 ο,
855 2880 945 2945 alios.
972 2879 1020 2946 uf.
1045 2879 1179 2967 praefat.
1204 2880 1222 2962 §
1248 2882 1276 2944 7.

242 3004 391 3069 Pertinet
416 3025 479 3067 vox
504 3001 543 3066 ad
569 3001 770 3067 deminutiva
794 2999 915 3065 blanda
939 3001 1160 3085 (ὑπικοριτμίς).

285 3125 410 3201 ιίμνιος
442 3124 529 3210 apud
560 3125 778 3211 Hermippum
803 3125 836 3186 in
861 3124 896 3187 ir.
921 3125 940 3185 3
966 3120 1144 3187 seeundum
1169 3120 1277 3207 Etym.

242 3268 284 3316 m.
305 3249 376 3310 146.
395 3248 436 3308 25
455 3253 504 3309 est
524 3243 681 3330 „agnus”:
711 3245 762 3327 ,τὸ
779 3244 926 3324 πρόσωπον
941 3244 1044 3318 οίμνίοιι
1061 3243 1140 3323 ἔχειν
1156 3240 1277 3315 δοκεῖς”.

246 3366 364 3449 ,ίίμνιοι
399 3369 532 3443 σημαίνει
563 3366 611 3430 τὸν
641 3366 733 3441 ιὶμνὸν
763 3367 812 3429 xa}
844 3366 891 3428 διίι
923 3371 972 3428 τοῖν
1003 3372 1017 3427 ί
1044 3364 1197 3444 γράφεται
1228 3369 1277 3428 καί

241 3485 515 3571 τροποροξιίνετιιι”.
550 3486 691 3553 Secund.
719 3486 825 3551 Kook.
851 3487 1071 3551 nominativus
1094 3487 1204 3572 potius
1228 3493 1278 3552 est

242 3613 383 3694 ιίμνίον,
409 3607 494 3696 quod
520 3614 570 3673 est
591 3609 792 3693 „agnellus”,
810 3608 1048 3673 deminuvitum
1066 3609 1154 3673 vonis
1170 3607 1277 3691 τίμιός,

243 3755 326 3820 quae
350 3733 471 3818 legitur
494 3731 551 3796 Ar.
574 3730 636 3795 Av.
668 3732 759 3794 1559.
784 3730 859 3795 Pac.
886 3730 961 3794 935.
986 3729 1122 3793 Theoer.
1148 3730 1176 3792 5.
1204 3731 1277 3792 144.

244 3853 329 3919 Vide
360 3852 494 3940 praefat.
525 3854 543 3935 ξ
575 3854 604 3915 7.
636 3850 883 3916 Dominutivum
908 3852 939 3915 h.
963 3851 982 3915 1.
1007 3850 1150 3938 pertinet
1173 3849 1215 3915 ad
1239 3870 1279 3916 ea

243 3995 326 4060 quae
352 3979 509 4039 vocantur
528 3970 666 4054 blanda,
683 3971 852 4058 inquibus
869 3973 954 4036 inest
971 3971 1166 4049 ὑποκιριτμίς.
1192 3969 1278 4036 Vide

244 4095 342 4159 etiam
366 4094 406 4157 ad
431 4116 499 4158 voc.
524 4096 665 4170 οίμνοκῶν.

288 4216 447 4293 νίμνοκῶν
485 4216 660 4303 „simplex‚
697 4215 833 4290 fatuus”‚
867 4214 1071 4296 τριβιιτώδνο,
1106 4214 1197 4291 μωρὸς
1229 4215 1277 4280 aa}

244 4337 342 4410 εὐήθης
375 4337 529 4420 (Sciret),
555 4336 675 4422 legitur
699 4334 784 4422 apud
809 4337 976 4422 Aristoph.
1001 4338 1032 4400 iu
1058 4336 1117 4422 uq.
1144 4359 1171 4402 v.
1196 4339 1277 4402 264:
