<?xml version="1.0" encoding="UTF-8"?>
<!DOCTYPE html PUBLIC "-//W3C//DTD XHTML 1.0 Transitional//EN"
    "http://www.w3.org/TR/xhtml1/DTD/xhtml1-transitional.dtd">
<html xmlns="http://www.w3.org/1999/xhtml" xml:lang="en" lang="en">
 <head>
  <title>
</title>
<meta http-equiv="Content-Type" content="text/html;charset=utf-8" />
  <meta name='ocr-system' content='tesseract 3.04.00' />
  <meta name='ocr-capabilities' content='ocr_page ocr_carea ocr_par ocr_line ocrx_word'/>
</head>
<body>
  <div class='ocr_page' id='page_1' title='image "./devocabulisanti00junggoog_0037.png"; bbox 0 0 3044 4926; ppageno 0'>
   <div class='ocr_carea' id='block_1_1' title="bbox 249 278 887 370">
    <p class='ocr_par' dir='ltr' id='par_1_1' title="bbox 249 278 887 370">
     <span class='ocr_line' id='line_1_1' title="bbox 249 278 887 370; baseline 0.006 -16"><span class='ocrx_word' id='word_1_1' title='bbox 249 278 292 354; x_wconf 80' lang='lat'>10&#39;</span> <span class='ocrx_word' id='word_1_2' title='bbox 645 290 887 370; x_wconf 78' lang='grc' dir='ltr'><strong><em>Ἀκατιίβλκτος.</em></strong></span> 
     </span>
    </p>
   </div>
   <div class='ocr_carea' id='block_1_2' title="bbox 239 534 1309 4269">
    <p class='ocr_par' dir='ltr' id='par_1_2' title="bbox 242 534 1309 1578">
     <span class='ocr_line' id='line_1_2' title="bbox 245 534 1288 622; baseline 0.005 -23"><span class='ocrx_word' id='word_1_3' title='bbox 245 534 323 601; x_wconf 83' lang='lat' dir='ltr'>Pac.</span> <span class='ocrx_word' id='word_1_4' title='bbox 346 556 387 601; x_wconf 76' lang='grc' dir='ltr'>-ν,</span> <span class='ocrx_word' id='word_1_5' title='bbox 427 536 528 603; x_wconf 86' lang='grc'><strong>1078;</strong></span> <span class='ocrx_word' id='word_1_6' title='bbox 568 539 611 616; x_wconf 77' lang='grc' dir='ltr'>χή</span> <span class='ocrx_word' id='word_1_7' title='bbox 646 536 739 602; x_wconf 79' lang='grc' dir='ltr'><strong><em>κώδιον</em></strong></span> <span class='ocrx_word' id='word_1_8' title='bbox 774 538 936 610; x_wconf 68' lang='grc' dir='ltr'><strong><em>ἀκαλανθὶς</em></strong></span> <span class='ocrx_word' id='word_1_9' title='bbox 969 539 1142 617; x_wconf 75' lang='grc' dir='ltr'><em>ἐπειγομένη</em></span> <span class='ocrx_word' id='word_1_10' title='bbox 1176 539 1288 622; x_wconf 77' lang='grc' dir='ltr'><strong><em>τνφλοὶ</em></strong></span> 
     </span>
     <span class='ocr_line' id='line_1_3' title="bbox 245 654 1288 747; baseline 0.007 -29"><span class='ocrx_word' id='word_1_11' title='bbox 245 654 353 738; x_wconf 81' lang='grc' dir='ltr'><strong><em>τίκτει,</em></strong></span> <span class='ocrx_word' id='word_1_12' title='bbox 393 654 524 721; x_wconf 85' lang='lat' dir='ltr'>videtur</span> <span class='ocrx_word' id='word_1_13' title='bbox 561 656 821 743; x_wconf 85' lang='lat' dir='ltr'>intellegendum</span> <span class='ocrx_word' id='word_1_14' title='bbox 860 680 931 724; x_wconf 82' lang='lat' dir='ltr'>eoae</span> <span class='ocrx_word' id='word_1_15' title='bbox 964 658 1004 724; x_wconf 90' lang='lat' dir='ltr'>de</span> <span class='ocrx_word' id='word_1_16' title='bbox 1041 657 1173 744; x_wconf 84' lang='lat' dir='ltr'>„oane&#39;&#39;,</span> <span class='ocrx_word' id='word_1_17' title='bbox 1199 681 1288 747; x_wconf 90' lang='lat' dir='ltr'>qnae</span> 
     </span>
     <span class='ocr_line' id='line_1_4' title="bbox 245 775 1309 868; baseline 0.006 -28"><span class='ocrx_word' id='word_1_18' title='bbox 245 776 351 856; x_wconf 74' lang='grc' dir='ltr'><strong><em>τυφλοὶ</em></strong></span> <span class='ocrx_word' id='word_1_19' title='bbox 380 775 472 841; x_wconf 79' lang='grc' dir='ltr'><em>τίκτει</em></span> <span class='ocrx_word' id='word_1_20' title='bbox 502 777 621 842; x_wconf 76' lang='grc' dir='ltr'>κυνίδια.</span> <span class='ocrx_word' id='word_1_21' title='bbox 654 778 693 843; x_wconf 83' lang='lat' dir='ltr'>of.</span> <span class='ocrx_word' id='word_1_22' title='bbox 723 778 868 867; x_wconf 83' lang='lat' dir='ltr'>Hesyoh.</span> <span class='ocrx_word' id='word_1_23' title='bbox 892 780 948 867; x_wconf 91' lang='lat' dir='ltr'>qui</span> <span class='ocrx_word' id='word_1_24' title='bbox 972 801 1031 868; x_wconf 85' lang='lat' dir='ltr'>per</span> <span class='ocrx_word' id='word_1_25' title='bbox 1053 787 1186 862; x_wconf 78' lang='grc' dir='ltr'><strong><em>ταχεῖαν</em></strong></span> <span class='ocrx_word' id='word_1_26' title='bbox 1209 781 1309 859; x_wconf 71' lang='grc' dir='ltr'>κύναΙ</span> 
     </span>
     <span class='ocr_line' id='line_1_5' title="bbox 244 899 1284 990; baseline 0.004 -27"><span class='ocrx_word' id='word_1_27' title='bbox 244 903 279 963; x_wconf 87' lang='lat' dir='ltr'>ot</span> <span class='ocrx_word' id='word_1_28' title='bbox 314 899 413 963; x_wconf 81' lang='lat' dir='ltr'>eohol.</span> <span class='ocrx_word' id='word_1_29' title='bbox 449 899 512 964; x_wconf 74' lang='lat' dir='ltr'>Au.</span> <span class='ocrx_word' id='word_1_30' title='bbox 548 903 631 984; x_wconf 87' lang='grc'><strong>873,</strong></span> <span class='ocrx_word' id='word_1_31' title='bbox 663 901 719 988; x_wconf 92' lang='lat' dir='ltr'>qui</span> <span class='ocrx_word' id='word_1_32' title='bbox 750 923 808 989; x_wconf 90' lang='lat' dir='ltr'>per</span> <span class='ocrx_word' id='word_1_33' title='bbox 839 902 912 967; x_wconf 83' lang='grc' dir='ltr'><strong><em>κύνα</em></strong></span> <span class='ocrx_word' id='word_1_34' title='bbox 942 902 1179 990; x_wconf 85' lang='lat' dir='ltr'>interpretatur</span> <span class='ocrx_word' id='word_1_35' title='bbox 1210 924 1284 969; x_wconf 80' lang='lat' dir='ltr'>voe.</span> 
     </span>
     <span class='ocr_line' id='line_1_6' title="bbox 244 1019 1287 1104; baseline 0.004 -22"><span class='ocrx_word' id='word_1_36' title='bbox 244 1019 415 1092; x_wconf 77' lang='grc' dir='ltr'><strong><em>οἱκαλανθίς.</em></strong></span> <span class='ocrx_word' id='word_1_37' title='bbox 449 1019 489 1085; x_wconf 84' lang='lat' dir='ltr'>oi.</span> <span class='ocrx_word' id='word_1_38' title='bbox 521 1019 630 1086; x_wconf 80' lang='lat' dir='ltr'>Sohol.</span> <span class='ocrx_word' id='word_1_39' title='bbox 655 1022 733 1088; x_wconf 87' lang='lat' dir='ltr'>Pao.</span> <span class='ocrx_word' id='word_1_40' title='bbox 761 1023 865 1087; x_wconf 80' lang='lat'><strong>1078:</strong></span> <span class='ocrx_word' id='word_1_41' title='bbox 899 1027 1019 1104; x_wconf 68' lang='lat' dir='ltr'>„rainu</span> <span class='ocrx_word' id='word_1_42' title='bbox 1043 1023 1071 1086; x_wconf 77' lang='grc' dir='ltr'>δὲ</span> <span class='ocrx_word' id='word_1_43' title='bbox 1095 1021 1197 1087; x_wconf 71' lang='grc' dir='ltr'><strong><em>πάντα</em></strong></span> <span class='ocrx_word' id='word_1_44' title='bbox 1221 1023 1287 1086; x_wconf 77' lang='grc' dir='ltr'><strong><em>ἐστι’·</em></strong></span> 
     </span>
     <span class='ocr_line' id='line_1_7' title="bbox 244 1139 1285 1226; baseline 0.005 -22"><span class='ocrx_word' id='word_1_45' title='bbox 244 1139 327 1215; x_wconf 77' lang='grc' dir='ltr'><strong><em>τηδες</em></strong></span> <span class='ocrx_word' id='word_1_46' title='bbox 357 1140 530 1215; x_wconf 70' lang='grc' dir='ltr'><strong><em>ἀδιανοήτως</em></strong></span> <span class='ocrx_word' id='word_1_47' title='bbox 562 1142 708 1226; x_wconf 76' lang='grc' dir='ltr'><strong><em>ἔφρασεν,</em></strong></span> <span class='ocrx_word' id='word_1_48' title='bbox 732 1143 765 1208; x_wconf 79' lang='grc' dir='ltr'>τὸ</span> <span class='ocrx_word' id='word_1_49' title='bbox 789 1146 908 1225; x_wconf 77' lang='grc' dir='ltr'><strong><em>οὶσαφὲς</em></strong></span> <span class='ocrx_word' id='word_1_50' title='bbox 931 1149 987 1208; x_wconf 79' lang='grc' dir='ltr'>τῶν</span> <span class='ocrx_word' id='word_1_51' title='bbox 1011 1149 1153 1225; x_wconf 77' lang='grc' dir='ltr'><strong><em>χρησμῶν</em></strong></span> <span class='ocrx_word' id='word_1_52' title='bbox 1174 1145 1285 1223; x_wconf 82' lang='grc' dir='ltr'><strong><em>μιμού-</em></strong></span> 
     </span>
     <span class='ocr_line' id='line_1_8' title="bbox 243 1261 1283 1354; baseline 0.005 -28"><span class='ocrx_word' id='word_1_53' title='bbox 243 1261 356 1338; x_wconf 81' lang='grc' dir='ltr'><strong><em>μενος”.</em></strong></span> <span class='ocrx_word' id='word_1_54' title='bbox 378 1264 496 1336; x_wconf 73' lang='grc' dir='ltr'><strong><em>οὶκανιις</em></strong></span> <span class='ocrx_word' id='word_1_55' title='bbox 522 1262 715 1352; x_wconf 82' lang='lat' dir='ltr'>(carduelis)</span> <span class='ocrx_word' id='word_1_56' title='bbox 741 1271 791 1330; x_wconf 81' lang='lat' dir='ltr'>eet</span> <span class='ocrx_word' id='word_1_57' title='bbox 814 1288 866 1354; x_wconf 92' lang='lat' dir='ltr'>ap.</span> <span class='ocrx_word' id='word_1_58' title='bbox 891 1266 1029 1333; x_wconf 85' lang='lat' dir='ltr'>Aristot.</span> <span class='ocrx_word' id='word_1_59' title='bbox 1054 1266 1098 1333; x_wconf 92' lang='lat' dir='ltr'>H.</span> <span class='ocrx_word' id='word_1_60' title='bbox 1125 1264 1167 1331; x_wconf 80' lang='lat' dir='ltr'>A.</span> <span class='ocrx_word' id='word_1_61' title='bbox 1194 1269 1225 1331; x_wconf 83' lang='lat'>8.</span> <span class='ocrx_word' id='word_1_62' title='bbox 1251 1267 1283 1331; x_wconf 97' lang='grc'><strong>5.</strong></span> 
     </span>
     <span class='ocr_line' id='line_1_9' title="bbox 242 1385 1283 1476; baseline 0.005 -25"><span class='ocrx_word' id='word_1_63' title='bbox 242 1385 378 1451; x_wconf 79' lang='lat' dir='ltr'>Theoer.</span> <span class='ocrx_word' id='word_1_64' title='bbox 411 1389 440 1450; x_wconf 90' lang='grc'><strong>7.</strong></span> <span class='ocrx_word' id='word_1_65' title='bbox 476 1388 548 1451; x_wconf 90' lang='grc'>141.</span> <span class='ocrx_word' id='word_1_66' title='bbox 581 1387 703 1473; x_wconf 82' lang='lat' dir='ltr'>Agath.</span> <span class='ocrx_word' id='word_1_67' title='bbox 736 1390 778 1453; x_wconf 84' lang='lat'>25</span> <span class='ocrx_word' id='word_1_68' title='bbox 813 1388 869 1475; x_wconf 86' lang='lat' dir='ltr'>(V.</span> <span class='ocrx_word' id='word_1_69' title='bbox 899 1385 1000 1475; x_wconf 82' lang='lat'>292),</span> <span class='ocrx_word' id='word_1_70' title='bbox 1028 1387 1206 1461; x_wconf 78' lang='grc' dir='ltr'><strong><em>ιὶκανννλλίς</em></strong></span> <span class='ocrx_word' id='word_1_71' title='bbox 1229 1411 1283 1476; x_wconf 90' lang='lat' dir='ltr'>ap.</span> 
     </span>
     <span class='ocr_line' id='line_1_10' title="bbox 242 1507 1282 1578; baseline 0.006 -6"><span class='ocrx_word' id='word_1_72' title='bbox 242 1507 359 1573; x_wconf 85' lang='lat' dir='ltr'>Eubul.</span> <span class='ocrx_word' id='word_1_73' title='bbox 392 1511 420 1573; x_wconf 90' lang='lat'>3.</span> <span class='ocrx_word' id='word_1_74' title='bbox 453 1509 528 1573; x_wconf 84' lang='grc'><strong>268.</strong></span> <span class='ocrx_word' id='word_1_75' title='bbox 554 1510 691 1575; x_wconf 84' lang='lat' dir='ltr'>Aristot.</span> <span class='ocrx_word' id='word_1_76' title='bbox 716 1511 757 1575; x_wconf 93' lang='grc' dir='ltr'>Η.</span> <span class='ocrx_word' id='word_1_77' title='bbox 782 1511 823 1576; x_wconf 91' lang='grc' dir='ltr'><strong>Α.</strong></span> <span class='ocrx_word' id='word_1_78' title='bbox 850 1515 880 1577; x_wconf 88' lang='grc'><strong>8.</strong></span> <span class='ocrx_word' id='word_1_79' title='bbox 907 1513 936 1575; x_wconf 87' lang='lat'>3.</span> <span class='ocrx_word' id='word_1_80' title='bbox 962 1511 1035 1576; x_wconf 82' lang='lat' dir='ltr'>Ael.</span> <span class='ocrx_word' id='word_1_81' title='bbox 1059 1510 1101 1576; x_wconf 80' lang='lat' dir='ltr'>N.</span> <span class='ocrx_word' id='word_1_82' title='bbox 1125 1509 1166 1576; x_wconf 80' lang='lat' dir='ltr'>A.</span> <span class='ocrx_word' id='word_1_83' title='bbox 1191 1513 1223 1578; x_wconf 82' lang='lat'>4.</span> <span class='ocrx_word' id='word_1_84' title='bbox 1250 1513 1282 1578; x_wconf 82' lang='lat'>5.</span> 
     </span>
    </p>

    <p class='ocr_par' dir='ltr' id='par_1_3' title="bbox 243 1628 1282 2438">
     <span class='ocr_line' id='line_1_11' title="bbox 287 1628 1280 1718; baseline 0.002 -24"><span class='ocrx_word' id='word_1_85' title='bbox 287 1628 551 1707; x_wconf 77' lang='grc' dir='ltr'><strong><em>οὶκατιὶβλιρτος</em></strong></span> <span class='ocrx_word' id='word_1_86' title='bbox 587 1630 784 1696; x_wconf 87' lang='lat' dir='ltr'>adieetivum</span> <span class='ocrx_word' id='word_1_87' title='bbox 828 1631 904 1718; x_wconf 88' lang='lat' dir='ltr'>„qui</span> <span class='ocrx_word' id='word_1_88' title='bbox 943 1631 1027 1697; x_wconf 82' lang='lat' dir='ltr'>deici</span> <span class='ocrx_word' id='word_1_89' title='bbox 1063 1652 1130 1697; x_wconf 93' lang='lat' dir='ltr'>non</span> <span class='ocrx_word' id='word_1_90' title='bbox 1153 1636 1280 1718; x_wconf 78' lang='lat' dir='ltr'>potest,</span> 
     </span>
     <span class='ocr_line' id='line_1_12' title="bbox 243 1749 1281 1840; baseline -0.002 -23"><span class='ocrx_word' id='word_1_91' title='bbox 243 1751 496 1839; x_wconf 82' lang='lat' dir='ltr'>insuperabilis&#39;&#39;</span> <span class='ocrx_word' id='word_1_92' title='bbox 521 1752 651 1840; x_wconf 86' lang='lat' dir='ltr'><strong>proprie</strong></span> <span class='ocrx_word' id='word_1_93' title='bbox 676 1757 727 1817; x_wconf 86' lang='lat' dir='ltr'>est</span> <span class='ocrx_word' id='word_1_94' title='bbox 750 1753 945 1817; x_wconf 85' lang='lat' dir='ltr'>vocabulum</span> <span class='ocrx_word' id='word_1_95' title='bbox 969 1752 1199 1838; x_wconf 79' lang='lat' dir='ltr'>palaestricum</span> <span class='ocrx_word' id='word_1_96' title='bbox 1225 1749 1281 1839; x_wconf 87' lang='lat' dir='ltr'>(oi.</span> 
     </span>
     <span class='ocr_line' id='line_1_13' title="bbox 243 1873 1282 1962; baseline -0.001 -22"><span class='ocrx_word' id='word_1_97' title='bbox 243 1875 380 1940; x_wconf 89' lang='lat' dir='ltr'>verbum</span> <span class='ocrx_word' id='word_1_98' title='bbox 403 1873 593 1951; x_wconf 81' lang='grc' dir='ltr'><strong><em>καταβαλεῖν</em></strong></span> <span class='ocrx_word' id='word_1_99' title='bbox 617 1875 652 1939; x_wconf 90' lang='lat' dir='ltr'>in</span> <span class='ocrx_word' id='word_1_100' title='bbox 679 1875 736 1940; x_wconf 85' lang='lat' dir='ltr'>Ar.</span> <span class='ocrx_word' id='word_1_101' title='bbox 760 1875 861 1962; x_wconf 86' lang='lat' dir='ltr'>Vesp.</span> <span class='ocrx_word' id='word_1_102' title='bbox 885 1897 916 1940; x_wconf 83' lang='lat' dir='ltr'>v.</span> <span class='ocrx_word' id='word_1_103' title='bbox 945 1873 1064 1962; x_wconf 84' lang='lat'>1385),</span> <span class='ocrx_word' id='word_1_104' title='bbox 1090 1873 1131 1940; x_wconf 91' lang='lat' dir='ltr'>ab</span> <span class='ocrx_word' id='word_1_105' title='bbox 1154 1873 1282 1940; x_wconf 78' lang='lat' dir='ltr'>Aristo·</span> 
     </span>
     <span class='ocr_line' id='line_1_14' title="bbox 243 1993 1279 2084; baseline 0.003 -25"><span class='ocrx_word' id='word_1_106' title='bbox 243 1996 353 2082; x_wconf 86' lang='lat' dir='ltr'>phane</span> <span class='ocrx_word' id='word_1_107' title='bbox 369 1999 545 2082; x_wconf 79' lang='lat' dir='ltr'>usurpatur</span> <span class='ocrx_word' id='word_1_108' title='bbox 560 1995 681 2061; x_wconf 86' lang='lat' dir='ltr'>locutio</span> <span class='ocrx_word' id='word_1_109' title='bbox 698 1993 804 2072; x_wconf 77' lang='grc' dir='ltr'><strong><em>λόγος</em></strong></span> <span class='ocrx_word' id='word_1_110' title='bbox 820 1995 1035 2074; x_wconf 75' lang='grc' dir='ltr'><strong><em>οὶκατιὲβλντος</em></strong></span> <span class='ocrx_word' id='word_1_111' title='bbox 1053 1994 1154 2084; x_wconf 89' lang='lat' dir='ltr'>(Nub.</span> <span class='ocrx_word' id='word_1_112' title='bbox 1169 1998 1279 2081; x_wconf 83' lang='grc'>1229),</span> 
     </span>
     <span class='ocr_line' id='line_1_15' title="bbox 243 2113 1282 2206; baseline 0.004 -26"><span class='ocrx_word' id='word_1_113' title='bbox 243 2115 262 2180; x_wconf 93' lang='lat' dir='ltr'>i.</span> <span class='ocrx_word' id='word_1_114' title='bbox 294 2137 321 2181; x_wconf 92' lang='lat' dir='ltr'>e.</span> <span class='ocrx_word' id='word_1_115' title='bbox 351 2116 496 2190; x_wconf 77' lang='grc' dir='ltr'><strong><em>οὶήττκτος</em></strong></span> <span class='ocrx_word' id='word_1_116' title='bbox 529 2113 681 2203; x_wconf 81' lang='lat' dir='ltr'>(Sobel).</span> <span class='ocrx_word' id='word_1_117' title='bbox 716 2116 755 2184; x_wconf 88' lang='lat' dir='ltr'>ol.</span> <span class='ocrx_word' id='word_1_118' title='bbox 787 2118 925 2204; x_wconf 83' lang='lat' dir='ltr'>praefat.</span> <span class='ocrx_word' id='word_1_119' title='bbox 956 2121 975 2204; x_wconf 64' lang='lat' dir='ltr'>g</span> <span class='ocrx_word' id='word_1_120' title='bbox 1006 2121 1075 2201; x_wconf 83' lang='grc' dir='ltr'>3ε,</span> <span class='ocrx_word' id='word_1_121' title='bbox 1108 2118 1164 2183; x_wconf 90' lang='lat' dir='ltr'>ubi</span> <span class='ocrx_word' id='word_1_122' title='bbox 1188 2119 1282 2206; x_wconf 86' lang='lat' dir='ltr'>plura</span> 
     </span>
     <span class='ocr_line' id='line_1_16' title="bbox 243 2237 1282 2324; baseline 0.004 -22"><span class='ocrx_word' id='word_1_123' title='bbox 243 2237 404 2324; x_wconf 81' lang='lat' dir='ltr'>exempla.</span> <span class='ocrx_word' id='word_1_124' title='bbox 429 2237 469 2302; x_wconf 84' lang='lat' dir='ltr'>oi.</span> <span class='ocrx_word' id='word_1_125' title='bbox 493 2237 594 2309; x_wconf 81' lang='grc' dir='ltr'><strong><em>ιἰττώς</em></strong></span> <span class='ocrx_word' id='word_1_126' title='bbox 619 2239 731 2321; x_wconf 76' lang='grc' dir='ltr'>(λόγος)</span> <span class='ocrx_word' id='word_1_127' title='bbox 755 2239 841 2305; x_wconf 87' lang='lat' dir='ltr'>Plat.</span> <span class='ocrx_word' id='word_1_128' title='bbox 864 2240 965 2305; x_wconf 93' lang='lat' dir='ltr'>Polit.</span> <span class='ocrx_word' id='word_1_129' title='bbox 990 2242 1054 2315; x_wconf 81' lang='grc'>534</span> <span class='ocrx_word' id='word_1_130' title='bbox 1080 2239 1117 2305; x_wconf 80' lang='grc' dir='ltr'><strong>Ο.</strong></span> <span class='ocrx_word' id='word_1_131' title='bbox 1145 2240 1197 2306; x_wconf 85' lang='lat' dir='ltr'>De</span> <span class='ocrx_word' id='word_1_132' title='bbox 1220 2240 1282 2306; x_wconf 85' lang='lat' dir='ltr'>for·</span> 
     </span>
     <span class='ocr_line' id='line_1_17' title="bbox 243 2357 662 2438; baseline 0 -15"><span class='ocrx_word' id='word_1_133' title='bbox 243 2358 387 2423; x_wconf 83' lang='lat' dir='ltr'>mationa</span> <span class='ocrx_word' id='word_1_134' title='bbox 410 2357 485 2423; x_wconf 85' lang='lat' dir='ltr'>vide</span> <span class='ocrx_word' id='word_1_135' title='bbox 508 2358 662 2438; x_wconf 74' lang='grc' dir='ltr'><strong><em>ἴιγρνκτος.</em></strong></span> 
     </span>
    </p>

    <p class='ocr_par' dir='ltr' id='par_1_4' title="bbox 239 2478 1280 3420">
     <span class='ocr_line' id='line_1_18' title="bbox 288 2478 1280 2567; baseline 0.004 -25"><span class='ocrx_word' id='word_1_136' title='bbox 288 2479 452 2552; x_wconf 74' lang='grc' dir='ltr'><strong><em>ακέαννος</em></strong></span> <span class='ocrx_word' id='word_1_137' title='bbox 491 2479 684 2566; x_wconf 84' lang='lat' dir='ltr'>„leguminis</span> <span class='ocrx_word' id='word_1_138' title='bbox 722 2478 860 2545; x_wconf 84' lang='lat' dir='ltr'>durioris</span> <span class='ocrx_word' id='word_1_139' title='bbox 895 2501 1016 2566; x_wconf 82' lang='lat' dir='ltr'>genus,</span> <span class='ocrx_word' id='word_1_140' title='bbox 1053 2480 1141 2567; x_wconf 89' lang='lat' dir='ltr'>quod</span> <span class='ocrx_word' id='word_1_141' title='bbox 1175 2480 1280 2567; x_wconf 82' lang='lat' dir='ltr'>frangi</span> 
     </span>
     <span class='ocr_line' id='line_1_19' title="bbox 242 2599 1278 2691; baseline 0.002 -25"><span class='ocrx_word' id='word_1_142' title='bbox 242 2599 374 2688; x_wconf 87' lang='lat' dir='ltr'>nequit&#39;&#39;</span> <span class='ocrx_word' id='word_1_143' title='bbox 399 2601 520 2689; x_wconf 77' lang='lat' dir='ltr'>legitur</span> <span class='ocrx_word' id='word_1_144' title='bbox 543 2603 630 2691; x_wconf 89' lang='lat' dir='ltr'>apud</span> <span class='ocrx_word' id='word_1_145' title='bbox 653 2601 884 2668; x_wconf 78' lang='lat' dir='ltr'><strong>Pherecratem</strong></span> <span class='ocrx_word' id='word_1_146' title='bbox 909 2603 943 2667; x_wconf 96' lang='lat' dir='ltr'>in</span> <span class='ocrx_word' id='word_1_147' title='bbox 967 2602 1005 2667; x_wconf 86' lang='lat' dir='ltr'>ir.</span> <span class='ocrx_word' id='word_1_148' title='bbox 1033 2604 1111 2666; x_wconf 90' lang='lat'>188:</span> <span class='ocrx_word' id='word_1_149' title='bbox 1131 2602 1278 2687; x_wconf 76' lang='grc' dir='ltr'><strong><em>κναμινς,</em></strong></span> 
     </span>
     <span class='ocr_line' id='line_1_20' title="bbox 240 2723 1277 2811; baseline -0.002 -22"><span class='ocrx_word' id='word_1_150' title='bbox 240 2724 378 2811; x_wconf 57' lang='lat' dir='ltr'>alludunt,</span> <span class='ocrx_word' id='word_1_151' title='bbox 410 2724 507 2808; x_wconf 70' lang='grc' dir='ltr'><strong><em>ζειὰς,</em></strong></span> <span class='ocrx_word' id='word_1_152' title='bbox 536 2724 638 2810; x_wconf 76' lang='grc' dir='ltr'><strong><em>αἴρας,</em></strong></span> <span class='ocrx_word' id='word_1_153' title='bbox 662 2723 827 2796; x_wconf 72' lang='grc' dir='ltr'><strong><em>οὶκεοέννονς.</em></strong></span> <span class='ocrx_word' id='word_1_154' title='bbox 853 2723 889 2788; x_wconf 83' lang='lat' dir='ltr'>of.</span> <span class='ocrx_word' id='word_1_155' title='bbox 916 2723 1066 2788; x_wconf 79' lang='lat' dir='ltr'>Eustath.</span> <span class='ocrx_word' id='word_1_156' title='bbox 1095 2725 1199 2807; x_wconf 83' lang='lat'>1528,</span> <span class='ocrx_word' id='word_1_157' title='bbox 1224 2726 1277 2789; x_wconf 92' lang='grc'>45.</span> 
     </span>
     <span class='ocr_line' id='line_1_21' title="bbox 240 2843 1277 2928; baseline -0.001 -18"><span class='ocrx_word' id='word_1_158' title='bbox 240 2845 354 2911; x_wconf 83' lang='grc' dir='ltr'><strong><em>ιἰκέανοι</em></strong></span> <span class='ocrx_word' id='word_1_159' title='bbox 384 2846 425 2909; x_wconf 72' lang='grc' dir='ltr'>τοι</span> <span class='ocrx_word' id='word_1_160' title='bbox 454 2847 484 2909; x_wconf 86' lang='grc' dir='ltr'>ἐν</span> <span class='ocrx_word' id='word_1_161' title='bbox 514 2851 622 2928; x_wconf 78' lang='grc' dir='ltr'><strong><em>φακοῖς</em></strong></span> <span class='ocrx_word' id='word_1_162' title='bbox 652 2843 827 2924; x_wconf 71' lang='grc' dir='ltr'><strong><em>στρογγύλα</em></strong></span> <span class='ocrx_word' id='word_1_163' title='bbox 857 2845 905 2909; x_wconf 77' lang='grc' dir='ltr'>καὶ</span> <span class='ocrx_word' id='word_1_164' title='bbox 938 2844 1132 2909; x_wconf 75' lang='grc' dir='ltr'><strong><em>δνσκοέτακτα</em></strong></span> <span class='ocrx_word' id='word_1_165' title='bbox 1163 2843 1277 2923; x_wconf 80' lang='grc' dir='ltr'><strong><em>ὅστρια.</em></strong></span> 
     </span>
     <span class='ocr_line' id='line_1_22' title="bbox 241 2965 1276 3054; baseline 0 -22"><span class='ocrx_word' id='word_1_166' title='bbox 241 2966 334 3034; x_wconf 88' lang='lat' dir='ltr'>Idem</span> <span class='ocrx_word' id='word_1_167' title='bbox 358 2967 478 3033; x_wconf 79' lang='lat' dir='ltr'>docent</span> <span class='ocrx_word' id='word_1_168' title='bbox 500 2967 605 3034; x_wconf 87' lang='lat' dir='ltr'><strong>Bekk.</strong></span> <span class='ocrx_word' id='word_1_169' title='bbox 630 2968 694 3033; x_wconf 84' lang='lat' dir='ltr'>An.</span> <span class='ocrx_word' id='word_1_170' title='bbox 720 2969 796 3044; x_wconf 91' lang='grc'><strong>371,</strong></span> <span class='ocrx_word' id='word_1_171' title='bbox 821 2970 839 3032; x_wconf 98' lang='grc'><strong>7</strong></span> <span class='ocrx_word' id='word_1_172' title='bbox 857 2971 891 3032; x_wconf 89' lang='lat' dir='ltr'>et</span> <span class='ocrx_word' id='word_1_173' title='bbox 907 2965 1071 3054; x_wconf 86' lang='lat' dir='ltr'>Hesyoh.‚</span> <span class='ocrx_word' id='word_1_174' title='bbox 1091 2966 1148 3053; x_wconf 93' lang='lat' dir='ltr'>qui</span> <span class='ocrx_word' id='word_1_175' title='bbox 1167 2965 1276 3033; x_wconf 86' lang='lat' dir='ltr'>addit:</span> 
     </span>
     <span class='ocr_line' id='line_1_23' title="bbox 239 3087 1276 3176; baseline 0.001 -23"><span class='ocrx_word' id='word_1_176' title='bbox 239 3089 262 3153; x_wconf 86' lang='lat' dir='ltr'>oi</span> <span class='ocrx_word' id='word_1_177' title='bbox 286 3089 315 3154; x_wconf 78' lang='grc' dir='ltr'>δὲ</span> <span class='ocrx_word' id='word_1_178' title='bbox 339 3087 457 3167; x_wconf 77' lang='grc' dir='ltr'><strong><em>σπέρμα</em></strong></span> <span class='ocrx_word' id='word_1_179' title='bbox 481 3091 539 3169; x_wconf 84' lang='grc' dir='ltr'>οὐχ</span> <span class='ocrx_word' id='word_1_180' title='bbox 559 3088 698 3170; x_wconf 64' lang='grc' dir='ltr'><strong><em>ἕψδριενον</em></strong></span> <span class='ocrx_word' id='word_1_181' title='bbox 714 3089 776 3154; x_wconf 77' lang='grc' dir='ltr'><strong><em>οὐδὲ</em></strong></span> <span class='ocrx_word' id='word_1_182' title='bbox 791 3089 992 3167; x_wconf 75' lang='grc' dir='ltr'><strong><em>διαιρούμενον.</em></strong></span> <span class='ocrx_word' id='word_1_183' title='bbox 1021 3089 1162 3167; x_wconf 85' lang='lat' dir='ltr'>„Veram</span> <span class='ocrx_word' id='word_1_184' title='bbox 1179 3090 1276 3176; x_wconf 77' lang='lat' dir='ltr'>origi·</span> 
     </span>
     <span class='ocr_line' id='line_1_24' title="bbox 241 3209 1278 3299; baseline -0.002 -23"><span class='ocrx_word' id='word_1_185' title='bbox 241 3212 408 3276; x_wconf 92' lang='lat' dir='ltr'>nationem</span> <span class='ocrx_word' id='word_1_186' title='bbox 443 3212 606 3298; x_wconf 84' lang='lat' dir='ltr'>ignotam,</span> <span class='ocrx_word' id='word_1_187' title='bbox 642 3211 876 3299; x_wconf 82' lang='lat' dir='ltr'>paenultimam</span> <span class='ocrx_word' id='word_1_188' title='bbox 911 3211 1043 3297; x_wconf 86' lang='lat' dir='ltr'>longam</span> <span class='ocrx_word' id='word_1_189' title='bbox 1078 3231 1149 3275; x_wconf 82' lang='lat' dir='ltr'>esso</span> <span class='ocrx_word' id='word_1_190' title='bbox 1182 3209 1278 3276; x_wconf 81' lang='lat' dir='ltr'>donet</span> 
     </span>
     <span class='ocr_line' id='line_1_25' title="bbox 241 3330 1277 3420; baseline 0.003 -24"><span class='ocrx_word' id='word_1_191' title='bbox 241 3330 386 3398; x_wconf 86' lang='lat' dir='ltr'>Lobeok.</span> <span class='ocrx_word' id='word_1_192' title='bbox 409 3332 539 3398; x_wconf 90' lang='lat' dir='ltr'>Pathol.</span> <span class='ocrx_word' id='word_1_193' title='bbox 564 3333 645 3420; x_wconf 90' lang='lat' dir='ltr'>prol.</span> <span class='ocrx_word' id='word_1_194' title='bbox 674 3330 755 3397; x_wconf 86' lang='lat'>180”</span> <span class='ocrx_word' id='word_1_195' title='bbox 780 3331 923 3416; x_wconf 88' lang='lat' dir='ltr'>(Kook.).</span> <span class='ocrx_word' id='word_1_196' title='bbox 948 3332 988 3399; x_wconf 84' lang='lat' dir='ltr'>el.</span> <span class='ocrx_word' id='word_1_197' title='bbox 1014 3331 1140 3419; x_wconf 88' lang='lat' dir='ltr'>praefat</span> <span class='ocrx_word' id='word_1_198' title='bbox 1163 3334 1181 3417; x_wconf 63' lang='grc' dir='ltr'><strong>ξ</strong></span> <span class='ocrx_word' id='word_1_199' title='bbox 1205 3334 1225 3398; x_wconf 91' lang='grc'><strong>3</strong></span> <span class='ocrx_word' id='word_1_200' title='bbox 1249 3332 1277 3413; x_wconf 85' lang='grc' dir='ltr'><strong>ζ.</strong></span> 
     </span>
    </p>

    <p class='ocr_par' dir='ltr' id='par_1_5' title="bbox 241 3452 1278 4139">
     <span class='ocr_line' id='line_1_26' title="bbox 286 3452 1276 3538; baseline 0.002 -22"><span class='ocrx_word' id='word_1_201' title='bbox 286 3452 491 3532; x_wconf 77' lang='grc' dir='ltr'><strong><em>οὶκερριατια</em></strong></span> <span class='ocrx_word' id='word_1_202' title='bbox 525 3452 632 3534; x_wconf 76' lang='lat' dir='ltr'>„vitae</span> <span class='ocrx_word' id='word_1_203' title='bbox 663 3452 811 3518; x_wconf 83' lang='lat' dir='ltr'>condicio</span> <span class='ocrx_word' id='word_1_204' title='bbox 845 3453 932 3534; x_wconf 84' lang='lat' dir='ltr'>eius,</span> <span class='ocrx_word' id='word_1_205' title='bbox 966 3453 1021 3538; x_wconf 94' lang='lat' dir='ltr'>qui</span> <span class='ocrx_word' id='word_1_206' title='bbox 1046 3473 1087 3517; x_wconf 91' lang='lat' dir='ltr'>ne</span> <span class='ocrx_word' id='word_1_207' title='bbox 1111 3457 1276 3518; x_wconf 87' lang='lat' dir='ltr'>monetam</span> 
     </span>
     <span class='ocr_line' id='line_1_27' title="bbox 241 3571 1276 3661; baseline 0.001 -23"><span class='ocrx_word' id='word_1_208' title='bbox 241 3573 373 3661; x_wconf 88' lang='lat' dir='ltr'>quidem</span> <span class='ocrx_word' id='word_1_209' title='bbox 397 3572 607 3638; x_wconf 81' lang='lat' dir='ltr'>minutionem</span> <span class='ocrx_word' id='word_1_210' title='bbox 629 3571 749 3639; x_wconf 86' lang='lat' dir='ltr'>habet”</span> <span class='ocrx_word' id='word_1_211' title='bbox 774 3574 893 3659; x_wconf 88' lang='lat' dir='ltr'>legitur</span> <span class='ocrx_word' id='word_1_212' title='bbox 917 3572 1005 3659; x_wconf 88' lang='lat' dir='ltr'>apud</span> <span class='ocrx_word' id='word_1_213' title='bbox 1021 3572 1276 3659; x_wconf 82' lang='lat' dir='ltr'>Aristophanem</span> 
     </span>
     <span class='ocr_line' id='line_1_28' title="bbox 242 3695 1276 3776; baseline 0.003 -16"><span class='ocrx_word' id='word_1_214' title='bbox 242 3695 275 3760; x_wconf 92' lang='lat' dir='ltr'>in</span> <span class='ocrx_word' id='word_1_215' title='bbox 299 3696 336 3760; x_wconf 84' lang='lat' dir='ltr'>ir.</span> <span class='ocrx_word' id='word_1_216' title='bbox 366 3698 416 3760; x_wconf 88' lang='grc'><strong>15.</strong></span> <span class='ocrx_word' id='word_1_217' title='bbox 441 3696 481 3763; x_wconf 87' lang='lat' dir='ltr'>cf.</span> <span class='ocrx_word' id='word_1_218' title='bbox 498 3696 582 3763; x_wconf 91' lang='lat' dir='ltr'>Poll.</span> <span class='ocrx_word' id='word_1_219' title='bbox 600 3700 629 3760; x_wconf 88' lang='grc'><strong>9.</strong></span> <span class='ocrx_word' id='word_1_220' title='bbox 649 3700 708 3761; x_wconf 80' lang='lat'>89:</span> <span class='ocrx_word' id='word_1_221' title='bbox 726 3698 909 3776; x_wconf 78' lang='grc' dir='ltr'><strong><em>οὶκερριατίοι·</em></strong></span> <span class='ocrx_word' id='word_1_222' title='bbox 926 3695 959 3758; x_wconf 77' lang='grc' dir='ltr'>το</span> <span class='ocrx_word' id='word_1_223' title='bbox 976 3699 1017 3769; x_wconf 69' lang='grc' dir='ltr'>μὴ</span> <span class='ocrx_word' id='word_1_224' title='bbox 1033 3696 1112 3774; x_wconf 80' lang='grc' dir='ltr'><strong><em>ἔχειν</em></strong></span> <span class='ocrx_word' id='word_1_225' title='bbox 1128 3695 1276 3773; x_wconf 76' lang='grc' dir='ltr'><strong><em>κέρματα.</em></strong></span> 
     </span>
     <span class='ocr_line' id='line_1_29' title="bbox 241 3817 1276 3905; baseline 0 -23"><span class='ocrx_word' id='word_1_226' title='bbox 241 3819 280 3882; x_wconf 86' lang='lat' dir='ltr'>el.</span> <span class='ocrx_word' id='word_1_227' title='bbox 310 3818 405 3898; x_wconf 73' lang='grc' dir='ltr'><strong><em>κέρμα</em></strong></span> <span class='ocrx_word' id='word_1_228' title='bbox 437 3840 489 3905; x_wconf 88' lang='lat' dir='ltr'>ap.</span> <span class='ocrx_word' id='word_1_229' title='bbox 513 3817 630 3883; x_wconf 78' lang='lat' dir='ltr'>unhul.</span> <span class='ocrx_word' id='word_1_230' title='bbox 657 3821 687 3882; x_wconf 89' lang='lat'>3.</span> <span class='ocrx_word' id='word_1_231' title='bbox 713 3822 788 3884; x_wconf 86' lang='grc'><strong>245.</strong></span> <span class='ocrx_word' id='word_1_232' title='bbox 811 3818 868 3883; x_wconf 85' lang='lat' dir='ltr'>Ar.</span> <span class='ocrx_word' id='word_1_233' title='bbox 892 3818 978 3882; x_wconf 91' lang='lat' dir='ltr'>Plut.</span> <span class='ocrx_word' id='word_1_234' title='bbox 1004 3819 1077 3882; x_wconf 88' lang='grc'><strong>379.</strong></span> <span class='ocrx_word' id='word_1_235' title='bbox 1103 3817 1197 3882; x_wconf 91' lang='lat' dir='ltr'>Dem.</span> <span class='ocrx_word' id='word_1_236' title='bbox 1223 3820 1276 3883; x_wconf 91' lang='grc'>21.</span> 
     </span>
     <span class='ocr_line' id='line_1_30' title="bbox 244 3939 1278 4028; baseline 0.001 -24"><span class='ocrx_word' id='word_1_237' title='bbox 244 3943 317 4024; x_wconf 85' lang='grc'><strong>107,</strong></span> <span class='ocrx_word' id='word_1_238' title='bbox 342 3946 375 4007; x_wconf 80' lang='lat' dir='ltr'>et</span> <span class='ocrx_word' id='word_1_239' title='bbox 398 3942 539 4028; x_wconf 79' lang='lat' dir='ltr'>sequior.</span> <span class='ocrx_word' id='word_1_240' title='bbox 563 3943 716 4020; x_wconf 70' lang='grc' dir='ltr'><strong><em>κερμάτιον</em></strong></span> <span class='ocrx_word' id='word_1_241' title='bbox 739 3939 916 4027; x_wconf 85' lang='lat' dir='ltr'>Philippid.</span> <span class='ocrx_word' id='word_1_242' title='bbox 942 3944 973 4004; x_wconf 87' lang='grc'><strong>4.</strong></span> <span class='ocrx_word' id='word_1_243' title='bbox 991 3942 1065 4004; x_wconf 83' lang='grc'><strong>474.</strong></span> <span class='ocrx_word' id='word_1_244' title='bbox 1092 3940 1178 4004; x_wconf 86' lang='lat' dir='ltr'>Plut.</span> <span class='ocrx_word' id='word_1_245' title='bbox 1195 3939 1278 4006; x_wconf 75' lang='lat' dir='ltr'>(lim.</span> 
     </span>
     <span class='ocr_line' id='line_1_31' title="bbox 245 4061 844 4139; baseline 0.002 -13"><span class='ocrx_word' id='word_1_246' title='bbox 245 4066 294 4127; x_wconf 90' lang='lat'>10.</span> <span class='ocrx_word' id='word_1_247' title='bbox 319 4063 370 4128; x_wconf 92' lang='lat' dir='ltr'>De</span> <span class='ocrx_word' id='word_1_248' title='bbox 393 4062 588 4128; x_wconf 86' lang='lat' dir='ltr'>formatione</span> <span class='ocrx_word' id='word_1_249' title='bbox 612 4063 651 4128; x_wconf 88' lang='lat' dir='ltr'>ef.</span> <span class='ocrx_word' id='word_1_250' title='bbox 675 4061 844 4139; x_wconf 72' lang='grc' dir='ltr'><strong><em>αραλαξία.</em></strong></span> 
     </span>
    </p>

    <p class='ocr_par' dir='ltr' id='par_1_6' title="bbox 286 4179 1277 4269">
     <span class='ocr_line' id='line_1_32' title="bbox 286 4179 1277 4269; baseline -0.003 -20"><span class='ocrx_word' id='word_1_251' title='bbox 286 4186 553 4262; x_wconf 78' lang='grc' dir='ltr'><strong><em>οὶκολιὶστασμα</em></strong></span> <span class='ocrx_word' id='word_1_252' title='bbox 588 4186 728 4266; x_wconf 82' lang='lat' dir='ltr'>„laetum</span> <span class='ocrx_word' id='word_1_253' title='bbox 753 4183 955 4269; x_wconf 85' lang='lat' dir='ltr'>petulantiae</span> <span class='ocrx_word' id='word_1_254' title='bbox 981 4179 1131 4268; x_wconf 67' lang='lat' dir='ltr'>plenum*</span> <span class='ocrx_word' id='word_1_255' title='bbox 1156 4181 1277 4267; x_wconf 83' lang='lat' dir='ltr'>legitur</span> 
     </span>
    </p>
   </div>
   <div class='ocr_carea' id='block_1_3' title="bbox 241 4304 1277 4396">
    <p class='ocr_par' dir='ltr' id='par_1_7' title="bbox 241 4304 1277 4396">
     <span class='ocr_line' id='line_1_33' title="bbox 241 4304 1277 4396; baseline -0.005 -21"><span class='ocrx_word' id='word_1_256' title='bbox 241 4308 409 4396; x_wconf 78' lang='lat' dir='ltr'>Aristoph.</span> <span class='ocrx_word' id='word_1_257' title='bbox 441 4310 517 4395; x_wconf 77' lang='lat' dir='ltr'>Lyn.</span> <span class='ocrx_word' id='word_1_258' title='bbox 552 4309 634 4373; x_wconf 81' lang='lat'><strong>398:</strong></span> <span class='ocrx_word' id='word_1_259' title='bbox 659 4309 769 4372; x_wconf 79' lang='grc' dir='ltr'><strong><em>τοιαῦτ’</em></strong></span> <span class='ocrx_word' id='word_1_260' title='bbox 792 4307 847 4370; x_wconf 71' lang='grc' dir='ltr'>ἀπ’</span> <span class='ocrx_word' id='word_1_261' title='bbox 870 4307 964 4370; x_wconf 72' lang='grc' dir='ltr'><strong><em>αὐτῶν</em></strong></span> <span class='ocrx_word' id='word_1_262' title='bbox 989 4308 1065 4370; x_wconf 80' lang='grc' dir='ltr'><strong><em>ἐστιν</em></strong></span> <span class='ocrx_word' id='word_1_263' title='bbox 1087 4304 1277 4370; x_wconf 75' lang='grc' dir='ltr'><strong><em>οὶιιολατταό·</em></strong></span> 
     </span>
    </p>
   </div>
   <div class='ocr_carea' id='block_1_4' title="bbox 0 0 1526 4926">
    <p class='ocr_par' dir='ltr' id='par_1_8' title="bbox 0 0 1526 4926">
     <span class='ocr_line' id='line_1_34' title="bbox 0 0 1526 4926; baseline 0 2"><span class='ocrx_word' id='word_1_264' title='bbox 0 0 1526 4926; x_wconf 95' lang='lat' dir='ltr'> </span> 
     </span>
    </p>
   </div>
  </div>
 </body>
</html>
