3044 4926
249 355 312 422 130
654 356 876 438 Ἐπιθανμοὶζιο.

245 602 429 682 διαρρήγννιιι
457 587 501 668 ab¹
523 601 742 689 Aristophane
768 606 819 667 est
843 601 1012 666 occasione
1036 600 1201 666 invitante
1222 597 1271 664 tio·

245 727 331 807 tum,
357 729 394 787 ut
417 722 616 811 exprimeret
638 723 671 787 πὸ
694 721 742 787 ε’π1
758 725 798 803 τῷ
814 723 936 788 ἐκπίνειν
951 722 1151 803 διαρραγῆναι.
1171 759 1211 770 -
1227 720 1270 786 01.

244 844 345 931 praef.
370 845 388 928 ξ
414 844 481 920 Ιβ.
554 862 557 868 ·

289 962 516 1045 ε’πιθαοκιέζο
550 963 663 1046 „donis
695 964 837 1040 honoro,
870 956 1051 1051 praemium
1076 963 1137 1029 do’'
1160 964 1274 1051 legitur

244 1084 330 1174 apud
362 1085 529 1173 Aristoph.
554 1086 588 1150 in
612 1085 697 1151 Nub.
721 1108 751 1152 v.
779 1087 863 1151 1147
873 1113 881 1151 :
905 1087 963 1167 χρὴ
989 1087 1049 1165 γοὶρ
1074 1085 1275 1168 ἐπιθαυμάζειν

242 1232 270 1273 πι
303 1207 351 1270 πδν
382 1204 564 1271 διδάσκαλον.
599 1205 705 1271 Schol.
736 1206 802 1272 αντὶ
834 1213 885 1272 ποῦ
916 1208 1008 1287 δώροις
1031 1211 1133 1284 πιμοῖν.
1157 1205 1274 1274 Eadem

244 1328 377 1394 notione
409 1333 583 1416 usurpatur
607 1351 636 1392 v.
661 1335 751 1405 τιμᾶν
774 1350 824 1415 ap.
850 1329 935 1394 Xen.
961 1330 1042 1416 Rep.
1068 1328 1144 1395 Lae.
1173 1331 1223 1394 15.
1245 1331 1274 1395 4.

242 1449 327 1516 Plat.
352 1451 454 1536 Legg.
481 1451 532 1514 12.
546 1450 622 1527 Ι933
636 1449 667 1516 d.
692 1449 854 1537 Theophr.
878 1450 972 1516 Char.
992 1452 1042 1515 15.
1066 1449 1274 1530 Ἐπιθαομὲζο

105 1614 107 1618 ⁴
242 1572 481 1661 significatione
505 1571 687 1638 admirandi
710 1573 877 1638 invenitur
893 1571 980 1660 apud
997 1572 1085 1637 Plut.
1102 1572 1204 1639 hiare.
1221 1575 1273 1655 303

243 1700 294 1760 est
323 1695 425 1782 igitur
454 1696 490 1759 in
521 1716 633 1761 eorum
658 1695 890 1762 vocabulorum
915 1717 1069 1780 numero,
1095 1694 1275 1783 dequibus

244 1815 318 1883 vide
342 1816 477 1903 praefat.
502 1818 520 1901 ξ
543 1816 612 1895 2β.

287 1937 566 2018 ἐπικοκκάστρια
598 1938 704 2004 Sehol.
737 1938 897 2025 explieat:
932 1938 1065 2021 „siaonia
1088 1941 1204 2015 γελᾶν,
1228 1961 1277 2016 γε·

241 2056 396 2139 adornat
428 2057 567 2123 Photius
602 2080 632 2145 p.
667 2060 741 2123 416.
781 2061 838 2124 16:
875 2058 1087 2139 περιεκόκκασα
1124 2089 1165 2114 =
1201 2082 1276 2139 περι·

241 2181 387 2259 εγέλοισα.
426 2180 489 2264 (ef.
524 2177 634 2266 Equit.
674 2181 763 2263 697).
802 2179 846 2243 Η.
886 2178 1074 2266 Stephanus
1113 2178 1274 2265 explieat:

245 2301 476 2386 „cavillatrix''.
511 2301 677 2388 interpres
712 2300 829 2387 aliquis
863 2298 951 2387 apud
988 2298 1141 2368 Suidam:
1174 2301 1275 2366 ἑπικιι·

203 2446 205 2450 ·
241 2424 374 2506 χασσρια
408 2422 527 2511 explio.
563 2421 694 2488 secund.
728 2421 878 2488 Dindorf.
914 2422 1053 2508 Legitur
1087 2442 1154 2488 vox
1189 2420 1274 2509 apud

241 2545 496 2634 Aristophanem
518 2545 552 2609 in
577 2544 708 2609 Thesm.
734 2566 764 2608 ν.
792 2545 895 2608 1059:
919 2545 1019 2624 Ἠχὼ,
1043 2543 1140 2620 λόγον
1154 2542 1277 2622 οὶνσῳδδς

240 2665 474 2747 ἐπικοκκάστρια.
513 2663 702 2746 „Vocabulo
737 2684 815 2727 usus
850 2667 900 2727 est
931 2668 1030 2750 poeta
1059 2663 1203 2728 comicus
1234 2659 1274 2728 ad

240 2787 429 2874 Euripidem
459 2784 679 2868 irridendum,
711 2785 784 2871 qui,
817 2789 854 2849 ut
884 2789 1023 2849 annotat
1050 2783 1172 2868 sohol.,
1196 2783 1276 2850 ima·

240 2911 367 2997 ginem,
411 2929 495 2995 quae
534 2911 584 2972 est
621 2907 747 2990 iocosa,
787 2906 1017 2972 κακοσπὲνακπον
1055 2904 1276 2971 introduxit”.

240 3031 385 3116 (tinget).
416 3028 542 3094 Schol.:
566 3028 629 3093 ἐπεὶ
653 3029 800 3106 εἰσήγαγε
823 3026 1055 3093 κακοοπένακσον
1077 3028 1130 3102 ria
1154 3026 1278 3108 ’uzei

239 3150 392 3227 Εὐριπιδης
415 3151 444 3215 ἕν
466 3158 502 3231 πῇ
525 3148 715 3236 Ἀνδρομέδα,
740 3150 779 3221 εἰς
795 3153 879 3214 τοῦτο
895 3147 1001 3231 παίζει.
1015 3185 1059 3197 -
1071 3147 1121 3214 01.
1137 3148 1266 3237 praefat

240 3274 358 3357 ξ1γ,
383 3276 418 3336 01
440 3272 457 3354 ξ
482 3272 512 3334 8.

285 3391 512 3472 ἕπικρούομαι
537 3389 650 3473 (med.)
675 3411 772 3456 sensu
788 3397 839 3457 ποῦ
858 3389 1032 3474 ῃνοινθετει“ν”
1049 3390 1172 3477 legitur
1188 3387 1274 3478 apud

241 3512 496 3600 Aristophanem
519 3511 553 3575 in
576 3511 615 3576 fr.
639 3513 715 3576 448.
740 3511 821 3577 Poll.
847 3514 875 3576 9.
902 3512 981 3577 139:
1007 3510 1221 3592 Ἀριστοφάνης
1235 3510 1277 3589 τῷ

240 3635 460 3716 ε’πικρούσασθαι
487 3633 534 3697 ἐπὶ
557 3639 608 3698 ποῦ
632 3636 796 3710 νουθετῆσαι
819 3635 970 3715 κέχρηται.
1002 3634 1161 3714 Ἐπικρούνι
1184 3633 1276 3717 (001.)

241 3763 292 3823 est
326 3753 460 3839 „ferire”
491 3754 610 3820 Aesoh.
634 3755 699 3841 Ag.
728 3757 798 3820 196.
824 3757 881 3821 Ar.
906 3756 1035 3821 Thesm.
1064 3756 1159 3821 1004.
1186 3754 1275 3820 Plnt.

242 3878 356 3965 Pomp.
394 3879 454 3952 58,
490 3877 531 3942 al.
571 3875 711 3942 Verbum
746 3877 847 3962 igitur
881 3877 1025 3964 pertinet
1060 3875 1102 3941 ad
1137 3880 1277 3942 tractatu

243 3998 378 4085 praefat.
404 3999 422 4081 ξ
446 3996 516 4074 20.

287 4117 497 4199 ἐπιξανθίζω
529 4118 668 4199 „flavum
691 4116 814 4183 reddo''
843 4117 964 4203 legitur
987 4115 1074 4204 apud
1099 4115 1276 4182 Phereera·

243 4246 309 4306 tem
333 4241 366 4304 in
391 4239 428 4304 fr.
457 4241 535 4317 108,
560 4261 589 4302 v.
618 4240 672 4304 16:
699 4240 832 4320 „atrapis
855 4238 1007 4318 δελφάκει’
1023 4235 1276 4314 ε’πεξανθισκένα”

242 4360 264 4427 1.
288 4380 316 4425 e.
344 4358 503 4447 „desuper
525 4364 628 4438 tosta,
652 4365 688 4424 ut
704 4361 824 4426 flavum
840 4361 981 4426 colorem
997 4381 1076 4449 prae
1093 4382 1129 4427 se
1145 4359 1273 4428 ierant”
