3000 4642
233 105 275 167 82
672 105 823 186 Γννοέρνον.

232 350 272 417 ef.
303 351 506 432 αλφιτδχρος.
539 350 593 416 Ad
625 350 777 416 formam:
813 349 992 431 οἱνρνόφωνος
1027 345 1095 415 od..
1126 349 1157 411 8.
1191 343 1269 410 294.

230 474 460 559 βαρβαρόφωνος
490 476 529 541 Il.
563 479 594 542 2.
625 478 700 542 867.
732 475 811 540 Her.
837 477 868 541 8.
894 475 945 538 20.
978 471 1085 538 Strab.
1116 472 1167 534 14.
1192 468 1269 533 662.

230 596 402 681 ἕτεροφωνος
426 598 547 665 Aeeeh.
572 597 662 685 Sept.
686 597 760 662 154.
793 594 968 678 ἱμερόφωνος
992 593 1130 659 Theoer.
1156 591 1210 657 28.
1238 590 1268 672 7,

230 718 358 785 similia.

274 840 445 919 γννκρνον
468 840 597 928 proprie
621 844 672 904 est
698 839 856 922 „vulturis
879 838 1009 922 nidus’',
1034 833 1154 902 deinde
1175 854 1268 899 usur·

229 966 327 1048 patur
350 981 408 1048 pro
437 961 543 1042 „neira
568 960 654 1034 στενὴ
678 957 867 1030 nardinum&
908 956 1008 1046 Apud
1031 955 1089 1021 Ar.
1115 955 1175 1041 Eq.
1202 953 1266 1018 793

230 1083 276 1147 sie
306 1084 427 1169 legitur
463 1109 502 1141 =
538 1082 671 1164 φωλεός,
703 1081 813 1160 καλαὶ,
844 1080 941 1146 στενὸν
972 1079 1075 1161 χωρίον
1103 1075 1265 1166 (Sobel.):

233 1209 351 1286 „reiron
382 1206 447 1283 ὁρῶν
478 1203 595 1268 οἰκοῦντ’
627 1205 654 1268 ἐν
682 1204 832 1282 γυπαρίοις
856 1205 906 1268 οὐκ
930 1198 1096 1283 ἕλεαίρεος”.
1122 1196 1266 1279 Γνκοὶροον

230 1323 388 1389 deminui.
424 1328 474 1388 est
508 1323 621 1388 vocab.
656 1323 723 1403 γύψ
753 1325 805 1408 (=
832 1321 999 1408 xzyvma),
1028 1327 1065 1385 ut
1089 1343 1108 1385 a
1131 1327 1205 1392 παῖς
1228 1317 1266 1382 fit

229 1442 394 1525 παιδάριον,
424 1443 465 1508 ab
489 1444 558 1523 οὶνῆρ
581 1443 740 1527 ἄνδράρνον,
765 1443 829 1507 alia
852 1443 965 1507 multa.
1002 1440 1082 1507 Cum
1107 1440 1264 1528 Equitum

229 1565 300 1629 loeo
333 1565 371 1628 ef.
404 1563 463 1651 Eq.
497 1566 578 1648 799,
612 1564 668 1628 ubi
698 1569 749 1628 eet
779 1564 862 1628 οἰκεῖν
893 1565 921 1627 ἑν
947 1561 1266 1633 reformidationem

229 1684 330 1750 Thue.
352 1684 397 1748 II.
425 1686 475 1748 14.
504 1686 553 1748 17.
578 1684 754 1749 Praeterea
778 1683 817 1749 ef.
841 1683 977 1771 praefat.
1001 1683 1019 1768 ξ
1044 1686 1074 1748 7.

240 1828 244 1836 ·
274 1811 438 1880 νωννοοῖος
458 1805 590 1886 „airam
607 1802 739 1886 στερεός”
757 1804 798 1870 de
814 1804 972 1869 vocabulo
989 1804 1125 1890 (ῥήματι)
1140 1802 1264 1889 legitur

229 1925 315 2013 apud
338 1925 511 1990 Platonem
534 1925 629 1990 infr.
655 1928 716 2009 67;
740 1926 870 2013 proprie
894 1926 980 1990 enim
998 1946 1064 1990 vox
1080 1923 1261 2011 signifieat:

231 2044 446 2130 „angularis'’,
472 2066 502 2108 1.
528 2066 553 2110 ο.
579 2083 619 2092 -
644 2046 745 2116 ravair
769 2044 855 2132 apud
878 2045 975 2112 Diem
998 2045 1074 2110 Hal.
1100 2046 1129 2109 3.
1151 2046 1206 2109 21.
1221 2080 1261 2091 -

228 2167 273 2233 cf.
304 2167 440 2254 praefat.
471 2167 543 2252 §2
569 2191 599 2234 κ.
626 2171 655 2236 1.
691 2168 744 2233 Ad
776 2169 1064 2255 significationem:
1095 2175 1262 2250 νομφοπα·

228 2291 284 2364 wie
310 2288 363 2372 (de
387 2287 511 2375 verbis)
537 2311 561 2353 s.
586 2311 635 2372 1.,
667 2287 862 2368 ἱννόκρνρνος
891 2290 945 2373 (de
973 2290 1095 2375 verbis)
1123 2311 1148 2354 1.
1175 2311 1204 2355 v.
1228 2291 1262 2352 et

228 2428 310 2494 quae
330 2408 376 2472 ibi
393 2409 511 2472 collata
527 2414 611 2474 sunt.
640 2408 693 2474 nd
709 2410 862 2475 formam:
885 2413 1107 2488 συνθνρανναῖορ
1128 2411 1261 2476 Theem.

229 2526 312 2610 4583
336 2527 510 2610 (adieetiva
532 2529 567 2592 in
584 2534 665 2601 ’-αῖος
688 2531 741 2595 vel
764 2537 848 2602 -ναῖος
864 2531 1058 2597 relationem
1075 2530 1262 2617 significant

227 2659 340 2708 eorum
364 2645 531 2710 nominum
555 2669 574 2711 a
598 2647 715 2733 quibus
740 2648 957 2739 derivantur).
