3044 4926
242 327 286 402 50
652 335 869 425 αρσοσσροφέἶν.

243 584 322 666 858,
347 583 480 668 (nomen
497 588 547 649 est
564 584 752 651 comoediae
770 586 943 674 Hermippi
960 587 998 654 fr.
1016 590 1161 674 8—13),
1178 590 1281 658 Areh·

242 704 308 793 ipp.
342 726 423 770 eom.
459 705 497 770 fr.
532 708 592 790 313
624 707 813 786 ἱχένοιιώλιον
844 712 895 773 est
918 728 970 794 sp.
994 708 1084 777 Plut.
1109 708 1225 799 Symp.
1249 714 1280 778 4.

243 828 273 890 4.
299 828 334 908 2,
358 825 518 906 ὀψοπώλιον
542 847 591 913 ep.
616 827 754 913 sequior.
778 827 832 892 Ad
855 827 990 892 formem
1012 828 1052 895 of.
1070 828 1279 916 Θεσμοφοριον,

242 946 406 1031 Λεωαέριον,
429 950 614 1026 στρατήγιον,
639 948 720 1033 elie,
746 971 830 1036 quae
854 950 950 1017 unice
973 951 1145 1038 probanda
1168 960 1256 1019 sunt.

285 1070 543 1153 αρσοστροφεῖν
577 1091 713 1157 „panem
745 1069 856 1137 verto’‘
886 1072 1008 1158 legitur
1039 1071 1126 1159 apud
1150 1073 1278 1139 Aristo·

241 1191 382 1278 phenem
414 1191 448 1255 in
479 1190 516 1255 ir.
544 1193 618 1256 748.
655 1190 708 1257 Ad
741 1192 877 1257 formem
910 1193 950 1261 of.
983 1195 1179 1277 ἧνιοσσροφεῑν
1202 1193 1280 1263 Eur.

241 1312 368 1378 Phoen.
405 1313 446 1376 it
486 1317 519 1376 et
555 1331 621 1398 seq.
658 1313 872 1396 οἱακοσκροφεῑν
907 1313 1036 1380 Aesoh:
1065 1315 1159 1381 Pers.
1197 1319 1280 1403 753,

241 1435 367 1499 similia.
408 1433 458 1499 De
481 1433 675 1501 formatione
699 1436 739 1500 of.
763 1437 936 1518 οἷμριοσοιόι.
961 1476 1005 1486 -
1029 1437 1115 1505 Vide
1140 1440 1278 1527 praefat.

240 1554 344 1639 533.
369 1555 610 1621 Conferendum
634 1578 706 1622 esse
730 1557 807 1643 Lys.
833 1559 897 1623 839
921 1556 970 1622 σὸν
999 1558 1081 1638 ἔργον
1108 1558 1160 1635 ἤδη
1180 1566 1281 1626 τοῦτον

240 1679 335 1742 ὄσσαν
377 1678 425 1741 καὶ
466 1677 609 1762 στρέφειν,
648 1678 705 1744 ubi
743 1679 883 1766 pessime
922 1679 1036 1758 τρέπειν
1074 1680 1279 1769 rescripserit

234 1792 452 1885 'Blaydesiu'm
477 1819 530 1864 me
553 1797 709 1864 admonet
732 1799 986 1866 Herwerdenus.

284 1921 480 2002 ἀρύστιχοι
523 1920 650 2002 „salix”
690 1920 810 2006 legitur
848 1920 937 2008 apud
972 1921 1031 1990 Ar.
1055 1921 1158 2010 Vesp.
1195 1925 1278 1991 855:

240 2041 298 2119 ἐγὼ
329 2041 389 2120 γὰρ
420 2036 501 2121 εἶχον
532 2040 634 2105 τούσδε
667 2041 733 2114 τοὺς
764 2042 941 2122 οὶροσσίχονς
965 2048 1000 2108 et
1022 2064 1074 2130 ep.
1098 2043 1279 2133 Phrynioh.

241 2164 278 2228 ir.
303 2165 362 2228 4οι
388 2162 482 2228 κύλικ’
507 2163 676 2244 ιέρύσσιχον.
700 2165 879 2230 Praeterea
902 2185 972 2230 voe.
997 2165 1165 2231 invenitur
1189 2166 1226 2233 0.
1250 2167 1278 2237 Ι.

241 2285 304 2351 vol.
330 2287 360 2349 2.
384 2306 415 2372 p.
439 2287 501 2350 173
526 2306 558 2350 n.
583 2287 679 2351 2139.
707 2289 765 2370 193
789 2287 935 2374 pertinet
958 2286 998 2352 ed
1022 2287 1160 2376 praeiet.
1184 2289 1278 2374 §et

284 2405 890 2489 οὲρχαιομελισιδωνοφριινιχήροοσοι
921 2408 1120 2476 adieetivum
1151 2410 1192 2476 ad
1223 2411 1278 2490 μέ·

240 2545 276 2606 λη
300 2529 437 2596 relatum
460 2529 581 2615 legitur
604 2528 691 2617 opud
715 2529 819 2594 solum
843 2529 1098 2619 Aristophanem
1122 2531 1157 2597 in
1174 2532 1277 2620 Vesp.

240 2674 269 2717 v.
303 2653 378 2717 220.
418 2690 455 2700 -
493 2651 541 2716 of.
571 2651 707 2738 praeiet.
739 2653 838 2736 §lm
885 2652 1110 2739 Compositum
1147 2645 1199 2719 est
1235 2675 1277 2720 ex

239 2775 383 2857 ἀρχαῖος,
405 2772 491 2859 μέλι,
517 2773 617 2856 Σέδων,
643 2772 798 2854 Φρύνιχος,
825 2772 944 2853 ἐρατός,
972 2768 1045 2856 „sior
1065 2775 1184 2855 οὶρχοιῖοι
1200 2775 1278 2853 μέλη

240 2894 381 2975 Φρυνίχου
412 2896 503 2975 ἕροσιοὶ
534 2893 583 2959 καὶ
610 2893 698 2974 ἡδέα,
721 2880 853 2972 uatem
876 2895 945 2972 μέλι
969 2896 1145 2977 περιέχοντα
1167 2896 1201 2962 σέ
1224 2907 1278 2974 τῆς

240 3015 357 3088 Σιδῶνος
381 3014 492 3091 ὄνομα”
518 3001 672 3104 (Sobel.)
710 3003 756 3081 Of.
780 3017 838 3082 Ar.
863 3016 926 3081 Av.
952 3017 1034 3084 750:
1059 3017 1133 3082 ἔνθεν
1155 3019 1278 3100 ὡσπερεὶ

239 3137 369 3216 μέλιτται
399 3136 537 3218 Φρύνιχος
560 3137 727 3219 ἀμβροσίων
751 3137 864 3209 μελέων
886 3138 1073 3217 ἀπεβόσκετο
1097 3143 1208 3221 καρπὸν
1230 3141 1277 3208 atet

239 3261 332 3342 φέρων
365 3266 508 3338 γλυκεῖαν
541 3259 623 3342 ᾠδάν.
673 3246 844 3341 „Sidonios
876 3261 1006 3347 saepius
1037 3268 1278 3329 memoraverat

240 3381 445 3470 Phrynichus
469 3381 503 3445 in
528 3380 780 3445 Phoenissamm
806 3379 993 3467 tragoedia'’
1017 3379 1174 3471 (niodo).

284 3504 457 3584 οέρώμασα
480 3501 555 3567 vido
580 3523 603 3566 s.
628 3523 659 3567 v.
683 3501 831 3581 σκορόδων.

285 3624 522 3700 ἀσαλαμίνιος
545 3621 632 3687 idem
656 3621 818 3708 significat
835 3620 921 3708 quod
938 3621 1169 3708 οὶέαλοὶστωτος,
1186 3623 1276 3712 quod

241 3744 332 3829 vide,
364 3744 485 3830 legitur
515 3751 625 3809 eutem
656 3742 742 3830 apud
771 3742 939 3830 Aristoph.
965 3744 1000 3807 in
1023 3745 1109 3810 Ren.
1134 3767 1166 3813 v.
1191 3747 1276 3813 204:

240 3860 319 3945 κᾷτα
343 3869 402 3935 πῶς
426 3863 581 3939 δυνήσομαι
602 3864 798 3938 ἀσαλαμίνιος
818 3862 854 3926 ὢν
871 3857 924 3927 εἶτ’
940 3863 1090 3948 ἐλαύνειν,
1106 3870 1157 3931 est
1176 3887 1278 3949 ,non-

242 3983 470 4067 Salaminius’'‚
502 3989 535 4049 et
566 3984 641 4070 quie
673 3984 841 4050 Salaminii
869 3992 963 4049 erant
987 3991 1107 4052 nautae
1131 3988 1275 4075 egregii,

244 4105 411 4184 „insuetus
443 4102 568 4188 maris''‚
599 4106 748 4185 οὶμέσοχος
776 4105 927 4181 θαλάσσης
953 4104 1103 4192 (Schol.).
1134 4104 1274 4194 Compo-

241 4226 339 4290 situm
375 4233 425 4291 est
456 4248 497 4291 ex
529 4251 549 4290 α
579 4226 740 4314 privativo
772 4248 844 4291 oum
876 4226 1007 4292 nomine
1038 4227 1190 4316 proprio,
1222 4228 1275 4295 oui

241 4348 345 4412 similo
373 4347 559 4434 exemplum
583 4353 697 4415 extero
721 4370 787 4413 non
811 4348 948 4413 videtur.
974 4350 1025 4415 De
1049 4369 1084 4414 re
1108 4350 1148 4418 oi.
1174 4349 1275 4419 etim
