3044 4926
292 340 333 422 98
722 367 897 438 Διενεγκεῖν.

290 603 400 683 γένοιτο
434 603 601 684 λουσαμένῳ
634 603 781 670 διελκύσαι
816 613 869 678 τῆς
900 602 1022 684 τρυγός,
1056 602 1090 668 in
1122 608 1238 688 textu,
1272 603 1330 669 ubi

291 731 399 791 tamen
424 725 572 791 Koclrius
598 723 795 810 ,,διολκν’σαι”,
820 726 944 812 inquit,
972 729 1096 807 „metro
1120 723 1328 808 adversatur,

290 845 425 932 Bergkii
447 844 556 920 διὲλξαι
580 851 631 911 est
654 847 757 912 forma
780 847 900 912 Atticis
916 847 1090 932 inusitata;
1115 845 1328 912 scribendum

291 972 341 1032 est
372 967 590 1052 (οὲ)’πολσιῦσοιι.
622 967 672 1034 Ol.
703 968 841 1056 Antiph.
873 970 933 1053 44,
966 969 997 1034 4.
1023 969 1075 1033 80.
1098 966 1259 1055 Amphid.
1284 969 1328 1034 26

290 1088 383 1175 sqq.’'
399 1088 622 1154 Herwerdeno
639 1089 790 1155 διέλκειν
801 1089 1000 1177 probabilior
1011 1088 1142 1155 ridetur
1154 1090 1327 1173 correctio,

290 1211 317 1275 si
348 1210 479 1298 quidem
510 1233 606 1277 nemo
637 1212 788 1278 librarius
815 1211 909 1277 facile
933 1212 1070 1278 verbum
1092 1212 1269 1277 ἀπολαῦσαι
1293 1210 1327 1275 in

289 1331 425 1397 verbum
448 1331 510 1397 sibi
533 1333 735 1419 incognitum
758 1333 907 1400 διελκύσαι
930 1338 1141 1420 corrupturus
1164 1339 1263 1399 esset.

334 1453 547 1532 διενεγκεῖν.
571 1455 800 1535 προσπαλαίειν,
825 1455 1036 1547 colluctari
1059 1454 1326 1540 (Barbaricas.

290 1576 343 1655 91,
368 1573 415 1662 4.)
446 1574 567 1660 legitur
590 1575 676 1664 apud
701 1577 805 1641 solum
829 1575 1028 1643 Teleclidem
1052 1575 1086 1641 in
1110 1575 1149 1644 lr.
1173 1577 1230 1641 20.
1259 1575 1329 1659 „Ea

289 1697 380 1761 notio
409 1696 540 1761 aliunde
572 1718 637 1762 non
669 1698 817 1783 cognita3
850 1698 988 1763 fortasse
1012 1696 1192 1784 comparari
1215 1702 1328 1785 potest

288 1817 443 1893 διαλαβεῖν
459 1819 624 1905 Aristoph.
641 1818 701 1906 Eq.
718 1818 805 1884 262“
822 1818 951 1903 (Koolr).
968 1817 1327 1903 incommutatum

289 1937 411 2002 Herod.
449 1941 478 2002 1.
517 1941 596 2019 1143
627 1941 657 2008 4.
691 1942 743 2004 68.
776 1940 861 2008 Plat.
893 1941 977 2028 Rep.
1012 1943 1063 2006 10.
1089 1942 1154 2006 615
1171 1961 1201 2010 a.
1235 1941 1325 2008 Plut.

289 2060 412 2124 Anton.
445 2061 513 2145 33.)
544 2067 594 2126 est
629 2061 792 2143 „medium
823 2062 965 2149 aliquem
988 2062 1210 2150 prehendere,
1235 2062 1325 2151 quod

288 2182 395 2247 lacere
430 2183 537 2247 solent
569 2183 769 2248 luctatores''
806 2182 938 2271 (Blayd.
974 2183 1015 2249 ad
1046 2183 1104 2249 Ar.
1137 2183 1197 2271 llq.
1230 2183 1325 2273 262).

290 2305 446 2387 Διαφέρειν
456 2304 527 2370 aliis
540 2306 832 2392 significationibus
844 2306 964 2393 passim
976 2306 1106 2392 legitur.
1124 2305 1174 2374 01.
1187 2307 1325 2394 praefat

290 2427 401 2511 828.
434 2434 600 2505 Διενενκεῑν
629 2427 829 2517 (colluctari)
854 2428 999 2516 pertinet
1022 2426 1062 2494 ad
1087 2428 1247 2495 vocabula
1268 2450 1326 2517 pa·

288 2550 440 2615 laestrioa
462 2550 592 2614 comicis
615 2550 762 2637 propris,
787 2549 828 2614 dc
852 2550 970 2636 quibus
994 2548 1069 2615 vide
1092 2547 1193 2637 prael.
1219 2547 1238 2638 ἓ
1261 2551 1324 2616 ae.

334 2671 559 2751 διεντέρενοα
579 2672 812 2759 „perscrutatio
832 2668 1081 2736 intestinorum’'
1098 2670 1221 2757 legitur
1236 2671 1326 2759 apud

290 2793 500 2880 Aristophan.
535 2795 569 2859 in
600 2794 685 2859 Nub.
718 2816 748 2858 v.
784 2795 862 2857 166:
895 2790 1033 2871 σάλπιγξ
1055 2792 1069 2856 d
1093 2789 1224 2874 πρωκτός
1247 2795 1327 2860 ἔστιν

289 2916 347 2994 ἄρα
381 2920 438 2979 τῶν
468 2914 603 2991 ε’μπιδον.
635 2911 657 2979 ὦ
686 2913 891 2995 τρισμακάριος
922 2919 972 2979 τοῦ
1002 2913 1250 2994 διεντερεύματος.
1273 2915 1326 2983 Of.

289 3036 421 3113 ε’νπερεύο
447 3067 487 3091 --
512 3043 669 3102 exentero
693 3059 745 3124 ap.
771 3038 972 3124 Archippum
997 3058 1077 3103 com.
1100 3037 1138 3104 fr.
1154 3038 1198 3102 26
1215 3039 1257 3123 (s.
1270 3040 1326 3124 a).

289 3157 494 3221 Vocabulum
519 3163 569 3222 est
592 3157 761 3223 occasione
778 3158 939 3222 invitante
957 3157 1079 3222 comice
1095 3156 1229 3236 fictum,
1247 3159 1328 3246 quia

290 3276 405 3342 allusio
435 3277 521 3341 inest
552 3276 593 3342 ad
626 3282 694 3341 too.
727 3277 833 3356 ἔντερον
858 3275 904 3365 (ν.
932 3274 1011 3363 160)
1036 3281 1069 3341 et
1092 3277 1324 3364 paronomasia

290 3397 449 3486 quaedam
475 3397 562 3463 vocis
585 3398 754 3477 διερεύννμα
777 3420 861 3486 quae
885 3398 1020 3464 averbo
1035 3398 1177 3479 διερευνᾶν
1193 3398 1327 3466 formari

290 3526 408 3608 potest.
445 3523 598 3596 Διερειινοῖν
631 3519 772 3607 Epicrat.
798 3520 835 3585 fr.
861 3522 891 3584 8.
917 3519 1001 3585 Plat.
1026 3521 1128 3607 chg.
1154 3522 1186 3588 2.
1211 3522 1279 3587 654
1296 3542 1327 3588 θ.

218 3646 224 3656 “
290 3642 425 3707 Theaet.
455 3642 517 3704 168
535 3661 563 3705 e.
589 3641 704 3728 Polyb.
731 3643 783 3707 14.
809 3643 837 3704 3.
866 3642 896 3705 7.

335 3762 523 3844 διέρχομαι
571 3760 730 3843 „delicato
773 3767 863 3826 motu
907 3761 1049 3848 corporis
1087 3760 1325 3827 obambulara”

292 3881 477 3971 (Blaydes.)
512 3882 633 3968 legitur
667 3881 753 3970 apud
784 3883 1039 3969 Aristophanem
1070 3881 1104 3946 in
1135 3882 1270 3949 Tbesm.
1293 3903 1325 3948 v.

294 4007 388 4069 1174.
422 4005 548 4071 Schol.:
580 4004 677 4082 οὶβρῶτ
707 4002 843 4084 βαδίζειν.
877 4004 926 4070 Of.
956 4003 1092 4078 διαβῆναι
1118 4002 1221 4092 Vesp.
1246 4005 1325 4072 688.

291 4126 534 4207 διασαλακωνίζω.
562 4128 661 4214 l'esp.
689 4129 785 4191 1169.
810 4126 1027 4203 διαρρικνοῦσθιιι
1051 4124 1175 4193 Cratin.
1192 4125 1231 4192 fr.
1247 4128 1324 4192 219.

290 4247 422 4313 διακινεῑν
446 4249 545 4335 l'esp.
571 4250 647 4313 688.
671 4285 714 4297 -
740 4245 824 4312 Vide
848 4246 983 4334 praelat.
1008 4247 1026 4329 5
1049 4246 1081 4310 4.

335 4366 748 4448 διονοαμβοδιδοὶσκαλοι
780 4367 1078 4454 „dithyramborum
1103 4364 1220 4455 poeta”
1243 4366 1322 4455 legl-
