3044 4926
734 1238 791 1336 E.

289 1531 650 1613 Ἐγγλωττογοίοτωρ
674 1533 757 1615 παρα
780 1534 846 1608 τοὺς
870 1534 1138 1618 ε’γχενρογοέοτορας
1154 1537 1281 1603 πέπαικ-

241 1678 293 1720 ταν
317 1653 466 1739 (schol.);
489 1653 751 1735 γλωττογαοπορες
774 1655 858 1735 παρα
882 1662 941 1729 τοῖς
956 1663 1091 1733 κωμικοῖς
1110 1657 1135 1721 οἱ
1149 1657 1211 1723 απὸ
1226 1666 1280 1732 τῆς

241 1774 380 1853 γλώττας
403 1773 535 1851 βιοῦντες
560 1773 658 1862 (Poll.
676 1774 721 1839 ΙΙ.
741 1776 838 1862 108);
864 1772 1280 1857 ε’γγλωττογοίοτωρπαρατὸ

241 1896 289 1963 irai
313 1897 451 1974 γλώττας
474 1896 524 1961 καὶ
549 1894 597 1962 διὰ
619 1894 715 1974 λόγων
739 1895 894 1979 τρέφεσθαι
919 1896 1040 1983 (noym.
1057 1918 1099 1961 m.
1119 1897 1194 1961 309.
1211 1897 1279 1980 tl).

243 2015 329 2082 Sunt
359 2016 460 2102 igitur
482 2014 507 2080 ii
529 2015 585 2103 qui
611 2015 745 2102 lingua,
769 2016 790 2080 i.
814 2037 843 2083 e.
867 2016 1146 2100 accusationibus,
1171 2016 1280 2082 cibum

244 2137 352 2203 vonhi
385 2141 558 2223 quaerunt.
590 2137 728 2222 Legitur
758 2157 825 2202 vox
856 2137 942 2224 apud
966 2136 1221 2224 Aristophanem
1244 2136 1276 2201 in

243 2259 307 2325 Av.
340 2281 369 2328 v.
398 2261 483 2324 1696
515 2264 549 2324 et
574 2261 679 2324 1702:
704 2258 1010 2341 ἐγγλωττογαστόρων
1039 2259 1139 2343 γένος,
1167 2253 1192 2324 οἳ
1214 2282 1279 2341 πρυ·

242 2386 315 2458 ocios
331 2388 397 2453 ταῖς
413 2379 589 2457 γλώττανοῑ.
611 2379 659 2448 ef.
677 2378 898 2463 Χενρογοίοτορες
916 2381 1045 2447 fabulae
1062 2379 1279 2467 Nicophontis

244 2501 359 2568 comici
383 2522 520 2585 nomen,
537 2501 795 2580 ἐγγλωττοτυπεῖν
810 2501 870 2589 Eq.
889 2503 962 2567 782.
980 2501 1277 2582 Ἐγγλωττογοὶοτωρ

241 2625 386 2713 pertinet
409 2623 450 2689 ad
474 2624 575 2711 praef.
599 2626 661 2708 51.

286 2745 608 2823 ἐγγλωττοτυπεῖν
653 2766 801 2833 „semper
839 2745 873 2810 in
909 2766 964 2811 ore
1000 2745 1123 2812 habeo”
1158 2748 1279 2834 legitur

242 2867 329 2954 apud
353 2867 607 2955 Aristophanem
632 2869 666 2933 in
689 2868 749 2956 sq.
774 2891 804 2934 v.
831 2871 912 2935 782:
943 2869 1060 2944 νικήσας
1086 2873 1155 2947 ἡμῖν
1179 2871 1279 2948 μεγοὲ-

240 3004 298 3061 λως
321 2990 581 3067 ἐγγλωττοτυπεῖν
604 2989 783 3070 παρέδωκας.
810 2987 1022 3076 (οεμνολογεῑν,
1049 2990 1093 3056 risi
1116 2989 1163 3054 ἐπὶ
1179 2990 1277 3068 γλώτ-

240 3134 293 3183 τας
328 3107 417 3190 ἔχειν.
454 3109 587 3194 Sobel).
624 3109 672 3177 Of.
709 3110 1004 3197 ἐγγλωττογαοτωρ,
1040 3112 1131 3180 verb.
1167 3136 1279 3190 γνωμο-

240 3237 354 3314 τυπεῖν,
378 3230 495 3296 adiect.
519 3231 720 3308 pronosticon.
745 3230 951 3296 Vocabulum
977 3233 1208 3317 estimares,
1237 3233 1278 3300 do

241 3350 360 3438 quibus
383 3350 436 3436 egi
459 3350 594 3438 praefat.
619 3354 724 3436 §lou
749 3351 923 3418 formatum
948 3359 998 3418 est
1022 3376 1126 3423 avoc.
1146 3369 1278 3432 γλωττο-

240 3473 350 3558 τύπος,
375 3472 462 3561 quod
486 3473 697 3560 cogitandum
721 3481 790 3558 ost,
815 3482 848 3541 et
871 3476 980 3563 ipsum
997 3476 1212 3563 compositum
1229 3483 1280 3543 est

243 3580 303 3680 (soi
329 3614 370 3659 ex
394 3599 520 3670 γλῶττα
544 3600 578 3660 et
600 3594 745 3681 τύπτειν).

288 3715 559 3797 ἐγκαυαρμόζω
601 3716 775 3798 „inducere
798 3717 853 3800 in,
888 3717 1037 3804 inaptore
1071 3715 1125 3782 in’'
1159 3717 1280 3805 legitur

242 3837 329 3924 apud
353 3838 607 3926 Aristophanem
631 3839 666 3904 in
689 3841 766 3925 Lys.
793 3863 821 3905 v.
848 3841 922 3904 681:
947 3842 977 3912 ἐς
1000 3838 1169 3919 τετρημένον
1193 3839 1280 3918 ξύλον

241 3961 463 4043 ἐγκαθαρμόσαι
488 3962 595 4027 τουτονὶ
618 3961 667 4027 τὸν
692 3961 819 4042 αὐχένα.
844 3960 1023 4042 Καθαρμόζω
1039 3963 1206 4028 invenitur
1227 3984 1279 4052 ap.

241 4082 352 4170 Eurip.
387 4083 487 4170 Hipp.
513 4085 587 4159 771,
619 4090 652 4149 et
683 4084 784 4149 Rhes.
811 4086 885 4148 767.
920 4082 1006 4149 Vide
1030 4085 1166 4171 praefat.
1203 4088 1278 4170 §h

242 4204 292 4271 of.
316 4225 418 4291 comp.
441 4204 672 4286 ουγκαθαρροὸζω
696 4226 748 4292 ap.
776 4204 874 4291 Soph.
898 4203 951 4278 Αἱ.
976 4206 1050 4275 905,

288 4324 469 4405 ε’γκαπτω
493 4325 568 4395 vide
594 4349 617 4395 s.
641 4349 671 4393 v.
696 4325 891 4407 ἐπεγκαπτω.
