3044 4926
289 207 351 270 166
724 204 889 285 Καπρίδιον.

286 474 364 540 apro
389 451 525 517 Aristot.
550 452 593 516 H.
619 452 659 516 A.
686 454 714 515 6.
741 453 799 534 18;
824 454 925 532 καπροῖ
949 450 1083 519 secund.
1107 449 1256 537 Hesyoh.
1279 455 1334 515 est

285 572 396 638 libido.
429 572 600 638 Feminam
626 571 834 638 libidinosam
867 573 935 638 sive
966 571 1173 638 meretricem
1198 571 1330 637 indicat

286 696 385 761 etiam
420 716 490 760 voe.
526 693 646 776 σφίγξ
679 716 731 781 ap.
766 693 902 760 Calliam
939 694 974 758 in
1004 693 1041 758 fr.
1074 696 1116 760 23
1148 692 1331 780 (Hesych.:

285 813 382 896 πίρνκ.
414 814 505 881 Idem
537 814 712 904 Photius);
744 815 784 881 cf.
817 817 1003 897 οφίνκτκς
1032 814 1154 882 cratin.
1178 814 1219 879 ir.
1244 815 1332 893 446,

289 934 483 1019 „cinaedus”
507 934 698 1019 (κιναιδοίδνς,
724 935 877 1013 μαλίακίι
902 935 1024 1020 Phua).

331 1058 513 1139 κατρίδιον
547 1078 685 1144 „parvus
712 1056 812 1144 aper”
836 1057 958 1143 legitur
980 1055 1150 1144 Aristoph.
1174 1055 1215 1120 fr.
1241 1056 1330 1132 506,

286 1202 316 1247 v.
343 1182 380 1244 2:
414 1180 498 1245 οίλλίι
522 1178 617 1259 diost*
641 1178 779 1264 ἦποίτιον,
806 1178 822 1254 ἢ
847 1177 995 1258 καπριδίου
1019 1176 1080 1243 νέου
1104 1176 1242 1242 duona
1264 1179 1334 1246 τιν’.

288 1302 534 1367 Dominutivum
560 1306 610 1366 est
634 1300 721 1365 vocis
744 1298 869 1384 κνίπρις,
896 1320 980 1387 quas
1002 1298 1124 1386 legitur
1146 1320 1197 1386 ap.
1224 1300 1330 1367 Hom.

286 1423 325 1490 ΙΙ.
351 1425 403 1489 17.
429 1424 492 1487 125
517 1426 551 1486 et
574 1420 665 1488 alios.
684 1459 727 1469 —-
743 1421 790 1486 uf.
814 1420 949 1507 praefat.
973 1422 1038 1504 §t
1062 1421 1145 1488 Voo.
1170 1421 1214 1485 ab
1237 1421 1334 1486 Aris·

289 1542 433 1631 tophane
465 1543 577 1607 fiotum
608 1547 659 1607 est
689 1542 730 1606 ad
761 1563 830 1608 rem
861 1539 1000 1625 blande„
1032 1546 1070 1606 ut
1094 1541 1243 1625 videtur,
1271 1562 1334 1606 ex·

290 1662 502 1751 primendam.

331 1785 458 1851 κνίπτυ
485 1783 600 1868 „avide
624 1783 780 1850 eomedo''
805 1785 927 1849 comice
944 1783 985 1850 de
1002 1782 1191 1849 hominibus
1206 1782 1335 1851 dieitur

289 1907 344 1972 Ar.
360 1906 447 1972 Eccl.
466 1908 544 1972 687:
567 1906 633 1978 τοὺς
649 1905 673 1969 δ’
689 1906 721 1969 ἐκ
736 1910 786 1970 τοῖν
804 1902 909 1970 Κοίππ’
926 1905 955 1977 ἐς
971 1906 1023 1977 τὴν
1037 1904 1137 1970 οτοιίιν
1152 1911 1262 1986 χωρεῖν
1277 1906 1332 1979 τὴν

288 2028 504 2112 ἀλφιτόπωλιν.
528 2024 574 2093 ἵνα
598 2027 766 2112 κοίπτυσιν;
790 2027 827 2092 fr.
852 2029 917 2093 302
942 2033 976 2092 et
1000 2028 1084 2111 506,
1110 2033 1144 2092 et
1167 2027 1330 2096 Teleolid.

289 2149 327 2214 fr.
360 2151 412 2214 33.
445 2148 533 2213 Eeol.
569 2150 632 2213 681
665 2154 763 2234 poeta
796 2147 902 2233 „ludit
924 2149 959 2212 in
982 2148 1226 2237 paronomasia,
1252 2151 1332 2238 quia

288 2271 466 2358 praecessit
495 2267 625 2334 κιίππιι”
656 2267 805 2355 (Blayd.).
836 2268 885 2335 cf.
917 2267 1008 2346 κιίφις
1040 2268 1176 2335 Aristot.
1208 2270 1260 2339 H.
1288 2273 1330 2339 A.

290 2393 321 2457 8.
347 2392 376 2455 6.
401 2391 555 2456 Osterum
579 2390 654 2455 vide
678 2411 702 2454 s.
727 2412 757 2454 v.
781 2390 974 2467 ἔπενκοίπτυ.

334 2509 542 2592 καρίαμίζω
577 2510 637 2594 „de
669 2510 836 2597 cardamo,
862 2512 1027 2578 nasturcio
1049 2510 1183 2599 loqu0r”
1207 2514 1336 2602 legitur

292 2635 348 2700 Ar.
372 2634 504 2700 Thesm.
530 2637 613 2699 617:
647 2634 730 2715 ἐχίὲς
755 2634 871 2715 ἔφαγον
894 2634 1042 2715 κάρδαμα.
1067 2636 1109 2701 Τί
1130 2635 1337 2723 καρδαμίζειῆ

291 2757 341 2822 De
364 2756 558 2821 formatione
581 2756 620 2821 of.
644 2755 836 2837 βαρβιτίζειν.
860 2796 900 2804 -
923 2757 1009 2824 Vide
1033 2758 1169 2845 praefat.
1194 2762 1214 2845 ἓ
1240 2763 1255 2824 1
1276 2784 1314 2838 y.

336 2876 545 2958 καρδοπεῖον
579 2877 853 2959 „instrumentum
886 2878 1049 2965 quoddam
1081 2900 1146 2967 quo
1172 2880 1338 2969 impedie-

292 2999 412 3065 bantur
451 3000 554 3077 servi,
594 3021 635 3064 ne
675 3000 812 3066 ederent
850 2997 918 3077 ἅμα
953 3003 993 3082 τῷ
1027 3000 1171 3079 adorsa?
1209 3004 1340 3091 legitur

293 3120 463 3207 Aristoph.
497 3120 535 3187 fr.
573 3123 656 3187 301:
693 3124 708 3196 i
744 3123 900 3203 καρδοπείῳ
934 3134 1086 3207 περιπαρῇ
1121 3125 1170 3190 τίν
1203 3126 1338 3208 αὐχένα.

295 3243 387 3309 Idem
412 3248 463 3309 est
486 3241 700 3320 sanctadona
723 3244 761 3308 fr.
787 3247 870 3310 302:
894 3245 1017 3311 παύσειν
1032 3245 1105 3327 ἔοιχ’
1121 3249 1139 3324 ἡ
1155 3248 1340 3323 παναικᾶπκ

294 3366 447 3432 κοίπτοντοί
477 3390 521 3432 σε.
553 3365 636 3430 Ροίί.
670 3367 698 3429 ί.
731 3368 792 3430 2οι
825 3368 858 3431 τὸ
890 3373 950 3438 τοῖς
974 3366 1100 3439 οίκεταίς
1124 3367 1194 3447 ὑπὲρ
1216 3374 1270 3434 τοῦ
1293 3372 1341 3447 μὴ

295 3487 419 3553 κοίπτειν
451 3493 505 3552 τῶν
536 3487 673 3568 arctam
705 3486 912 3569 περιτιθέμενον
944 3486 1119 3563 πανοικοίπκ
1141 3488 1340 3577 ὀνομάζεται,

296 3609 453 3691 τροχοειδὲς
484 3606 655 3688 μηχοίννμα
687 3611 727 3689 τῷ
758 3609 900 3688 τραχήλῳ
924 3605 1181 3689 περικρρκιζίιιενον
1199 3609 1239 3681 ὥς
1264 3608 1340 3677 α’δυ-

297 3739 394 3797 νατεῖν
424 3733 464 3812 τῷ
494 3731 623 3804 οτίριατι
658 3730 714 3799 τὰς
745 3736 849 3809 χεῖρας
877 3737 1092 3810 προσαγαγεῖν.
1117 3728 1171 3794 Ad
1195 3728 1339 3798 {ormam

298 3854 338 3921 of.
370 3852 554 3924 παυσίλυπον
584 3851 661 3915 Eur.
694 3850 812 3916 Bacch.
840 3852 914 3928 111,
940 3851 1117 3923 παυσίπονος
1141 3850 1218 3916 Eur.
1244 3851 1272 3917 1.
1295 3852 1339 3919 Τ.

300 3974 374 4037 451.
400 3971 457 4037 Ar.
482 3972 566 4037 Ran.
595 3972 690 4052 1321,
715 3970 897 4042 nareiacum
921 3971 1081 4057 sequior„
1105 3970 1233 4037 similis.
1259 3980 1338 4052 Καρ-

300 4093 409 4158 δοπείον
424 4091 555 4157 secund.
569 4094 649 4157 vett.
662 4091 757 4156 lexic.
772 4091 872 4156 etiam
885 4096 935 4157 est
951 4092 1159 4180 „operculum
1171 4091 1337 4161 mactras”

302 4213 484 4304 (καρδίτου).
510 4253 552 4263 -
575 4213 661 4280 Vide
685 4213 819 4302 praefat.
843 4214 861 4299 ἓ
885 4216 945 4278 3ί.
