3044 4926
303 387 355 439 x11
514 409 517 417 ’
692 389 950 446 PRAEFATIO.

347 623 486 711 Insuper
521 623 720 689 monendum
751 629 801 689 est
832 624 1027 690 brevitatem
1059 623 1334 710 fragmentorum,

302 767 386 832 quaa
419 766 516 833 saepe
548 766 614 810 una
644 750 773 810 tantum
801 766 881 810 voce
904 749 1074 829 constant,
1099 765 1231 809 oausam
1255 765 1337 809 non-

255 912 258 916 -
301 889 478 955 numquam
509 867 629 951 fuisse,
660 888 718 933 cur
741 866 781 933 de
805 866 1038 934 vocabulorum
1063 888 1124 932 usu
1146 888 1184 932 ao
1208 867 1335 932 ratione

300 988 430 1076 plenius
465 986 632 1074 disputare
667 1009 733 1054 non
768 1010 948 1075 possemus.
994 987 1034 1054 Id
1065 987 1187 1052 factum
1219 993 1270 1052 est
1301 987 1336 1051 in

300 1110 467 1176 vocabulis
503 1111 674 1196 irritantes,
711 1110 915 1196 άμιμάσντοο,
947 1109 1017 1188 ἱβά,
1050 1111 1188 1194 ναάτρια,
1219 1109 1334 1196 άλολος,

299 1231 477 1317 ῥαφανίδιον,
501 1232 678 1317 Φιλοκνρδάς,
700 1232 857 1316 άσμάτιον,
880 1231 1033 1316 βαάριδιον,
1053 1231 1182 1317 δειπνίον,
1203 1229 1336 1314 μυριδιον,

299 1356 486 1435 σταμνάριον,
511 1355 592 1421 aliis.

344 1475 420 1542 'Poti
445 1477 601 1564 opusculo
625 1476 762 1542 formam
786 1476 863 1542 dedi
885 1477 1002 1562 lexiai,
1028 1483 1064 1543 ut
1087 1478 1133 1562 is,
1151 1477 1207 1564 qui
1224 1476 1264 1542 de
1282 1497 1337 1542 vo·

300 1597 416 1663 cabulo
440 1599 549 1686 aliquo
574 1599 728 1686 autiquae
753 1599 941 1665 comoediae
965 1601 1095 1687 proprio
1112 1600 1199 1664 huno
1215 1599 1335 1664 librum

299 1719 468 1785 consulere
491 1719 588 1802 velit,
613 1719 814 1786 commodius
838 1741 876 1785 eo
901 1720 1034 1807 negotio
1058 1719 1151 1807 fungi
1174 1720 1288 1807 possit.

345 1839 440 1916 Quod
472 1839 513 1906 ad
546 1840 703 1927 originem
736 1841 967 1907 vocabulorum
995 1841 1191 1906 comicorum
1216 1839 1268 1905 vel
1294 1838 1334 1905 ad

300 1983 411 2028 eorum
446 1963 597 2027 notiones
632 1962 768 2046 attinet,
804 1961 924 2027 multas
959 1961 1078 2026 classes
1112 1961 1180 2025 sive
1212 1981 1335 2045 genera

300 2083 531 2171 distinguenda
559 2099 633 2149 esse
663 2085 794 2172 putavi,
828 2105 967 2171 quorum
993 2084 1132 2171 primum
1151 2088 1222 2148 esto
1246 2081 1333 2169 quod

301 2206 483 2272 contineat:

345 2331 362 2414 ξ
389 2332 417 2393 1.
463 2327 664 2393 Vocabula
687 2328 833 2393 comice
857 2327 967 2405 ficta,
992 2326 1196 2415 etquidem:

345 2451 376 2517 α.
422 2450 573 2515 Licentia
596 2449 719 2514 comica
741 2447 834 2528 ficta,
858 2448 944 2513 soit:

344 2569 514 2636 Vocabule
536 2571 571 2634 in
595 2569 713 2656 quibus
737 2574 803 2634 tam
828 2567 1033 2634 substantiva
1056 2587 1153 2654 quom
1169 2565 1332 2632 adiectiva

299 2696 333 2755 et
364 2690 465 2756 verba
487 2689 521 2754 in
545 2710 646 2754 unum
671 2688 864 2754 vocabulum
887 2689 1068 2775 composita
1091 2695 1185 2755 sunt:
1210 2690 1333 2770 άρχαιο·

298 2811 690 2896 μελισιδωνοφρυνιχήρατα,
721 2811 1062 2893 κομποφακελορράμων,
1086 2810 1331 2893 κωδωνοφαλαρά·

298 2949 411 3012 πωλος,
445 2933 694 3013 λεπαδοτεμαχο·
724 2953 793 3019 sqq.
825 2933 960 3016 (nomen
987 2930 1052 2996 cibi
1076 2930 1333 3018 undeoctoginta

298 3054 526 3142 syllabarum),
551 3051 877 3134 σκοποδασυπυκνάάριξ,
903 3052 1332 3135 τκοροδοπανδοκευτριαρτοπά·

297 3176 393 3260 λιδες,
415 3174 989 3262 σπερμαγοραιολεκιάολαχανοπάλιδες,
1005 3175 1334 3257 σφραγιδονυχαργοκο-

297 3299 408 3385 mim,
417 3297 803 3378 σαλπιγγολογχυπηνάδαι
809 3345 818 3374 ,
828 3298 1224 3382 σαρκασμοπιτυοκάμπται,
1238 3311 1334 3378 λειριο·

298 3419 530 3506 πολφανεμάννρ,
555 3417 849 3501 κρομμυοξυρεγμία,
873 3422 1194 3504 κρουνοχυτρολήραιος,
1217 3442 1333 3497 κυμινο·

298 3538 667 3625 πριστοκοιρδαμσγλυφος,
717 3539 882 3625 ἷωνάκυσος,
934 3540 1334 3624 άράροφοιτοσυκοφαντοδικο·

297 3664 499 3745 ταλαίπωρος,
546 3660 758 3749 διειρωνόξενος,
805 3664 1080 3749 ἐγγλωττοτυπεῖν,
1123 3661 1330 3746 ροάαπυγίζω,

297 3787 702 3868 τορνευτολυρασπιδοπνγάς,
741 3788 1033 3873 ταγννοκνισοάάρας,
1073 3787 1332 3868 τρνγωδοποιομου·

297 3911 379 3988 τικνὶ,
405 3908 478 3974 alia.

343 4028 531 4094 Numeralia
545 4029 658 4094 insunt
673 4029 720 4094 in:
739 4029 1092 4110 ψαμμακοσιογάργαρα,
1106 4030 1331 4115 πολλοδεκάκις,

298 4155 475 4230 χιλιόπαλαι
500 4156 534 4215 et
556 4171 640 4237 quae
663 4150 709 4216 ibi
733 4151 851 4216 collata
874 4156 967 4235 sunt,
992 4150 1073 4215 aliis.

343 4271 551 4360 Comparatio
595 4272 754 4360 quaedam
794 4274 959 4339 invenitur
999 4275 1050 4338 iu:
1090 4275 1330 4351 κομηταμυνίας,

297 4393 572 4478 γαστροχάρυβδις,
599 4396 679 4460 aliis.
