3044 4926
250 360 292 424 88
640 356 892 439 Βορβοροτοὶροιξις.

248 605 289 671 ed
319 627 390 673 000.
420 603 660 687 βορβοροτάραξις
694 608 768 694 (Eq.
800 608 886 689 3091
918 604 972 672 Ad
1003 605 1159 673 formam:
1183 631 1285 688 ιιοιρτε·

245 726 362 804 ρόδυμος
386 727 484 791 Hom.
509 725 571 793 Od.
595 729 648 792 21.
673 729 734 805 25,
758 731 822 792 eto.
850 726 931 792 Hes.
956 726 1018 792 Th.
1042 728 1119 792 225.
1143 726 1286 806 ὂμδδυμος

246 849 389 936 Hesych.
422 848 587 931 βαρύθυμος
622 849 697 914 Eur.
732 848 820 914 Med.
856 850 929 913 176.
972 847 1055 913 Gall.
1090 847 1166 914 Del.
1203 850 1282 914 215.

246 972 334 1036 Plut.
359 971 455 1038 Alex.
480 973 511 1035 0.
536 969 721 1049 γλυκύθυμος
745 971 843 1034 Hom.
866 969 905 1034 IL
931 970 985 1034 20.
1010 970 1085 1054 467,
1109 968 1185 1033 alin

289 1090 591 1173 βορβοροτάραξις
640 1093 715 1179 „qui
761 1091 903 1156 civitatis
946 1095 1069 1155 statum
1114 1088 1285 1156 turbidum

246 1214 382 1282 reddiit
414 1214 524 1282 Schol.
555 1214 840 1294 τοοροιχωδέοτοιτος·
872 1210 1027 1292 τοροὶττοιν
1057 1211 1111 1286 τὴν
1137 1210 1226 1277 οτδλιν
1248 1212 1285 1283 ὥς

244 1336 390 1417 βόρβορον.
432 1335 571 1420 Legitur
601 1332 688 1421 apud
722 1333 890 1420 Aristoph.
923 1332 958 1397 in
989 1331 1050 1420 Eq.
1081 1355 1113 1398 v.
1146 1334 1233 1399 30οε
1264 1326 1286 1397 ὦ

146 1459 149 1465 ’
244 1458 470 1540 βορβοροτάραξι
498 1458 548 1523 xxi
576 1461 628 1533 τὴν
651 1459 735 1524 πόλιν
758 1456 882 1524 ἅτοοοον
906 1462 986 1535 ἡμῶν
1009 1457 1285 1542 ὦνοιτετυρβιυιῶς).

244 1582 293 1647 Of.
320 1580 517 1657 ὠτοκάταξις,
546 1582 566 1646 1.
590 1603 617 1646 e.
641 1582 655 1645 ὁ
677 1583 917 1660 συντετριμμένος
940 1581 975 1646 τὸ
997 1577 1043 1653 οὖς
1066 1580 1150 1647 Poll
1176 1582 1206 1646 2.
1230 1581 1285 1645 83.

244 1704 324 1769 Voo.
358 1701 599 1784 βορβοροτάραξις
635 1703 757 1768 000100
792 1703 1007 1790 compositum
1043 1722 1116 1768 esse
1152 1699 1287 1767 videtur

243 1825 373 1890 inverso
405 1823 624 1889 membrorum
653 1822 785 1906 ordine,
816 1824 844 1887 si
877 1824 965 1889 enim
995 1819 1285 1903 00001τοοριιξιβόρ·

242 1944 343 2023 βορος,
374 1964 448 2008 000
479 1964 518 2009 00
549 1945 729 2029 comparari
762 1949 896 2030 possent
926 1964 1015 2010 roeo.
1043 1939 1285 2029 τυροξιοάρδιος,

242 2066 554 2148 τοιροοξιτοιὸοτροοτοι,
589 2068 815 2146 κυκνοίτεφρος,
850 2065 1012 2153 τρυοίβιος,
1048 2066 1282 2150 κλοιυσὶμοοχος,

242 2187 378 2270 similia,
411 2208 494 2274 quoe
523 2188 632 2253 omnia
655 2193 732 2253 sunt
755 2187 936 2275 composite
959 2187 1140 2274 obiective,
1165 2210 1186 2254 0
1208 2209 1282 2255 ver·

244 2309 294 2374 bis
323 2308 523 2395 incipientia.
555 2308 760 2374 Vocabulum
783 2307 1025 2390 βορβομτοὶροξις
1049 2309 1200 2376 imitatur
1222 2310 1281 2378 Li·

243 2430 359 2494 bonius
382 2429 456 2495 Vol.
487 2429 532 2496 H.
564 2452 595 2516 p.
627 2431 702 2494 305.
738 2427 824 2495 Vide
854 2430 956 2516 praef.
986 2431 1004 2514 §
1032 2431 1082 2496 12.
1121 2429 1172 2495 Oi.
1206 2452 1279 2496 roo.

241 2551 459 2634 βορβορόδυμος,
479 2549 680 2630 βοβορικοίτης
697 2553 828 2634 (nomen
844 2552 957 2636 ranae)
973 2550 1183 2618 Batrachom.
1201 2553 1280 2619 228.

286 2669 413 2748 βότρυς
438 2668 545 2754 signif.
573 2667 754 2749 „inaurium
773 2666 895 2754 genus”
914 2668 1002 2756 apud
1018 2668 1280 2757 Aristophanem

242 2792 276 2857 in
301 2792 339 2857 fr.
364 2793 448 2874 320,
472 2792 572 2856 v.10.
596 2790 646 2855 Of.
670 2791 816 2877 Hesyoh.
839 2790 995 2869 βοτρύδιιι·
1019 2792 1177 2870 ἐνυτορὶιον
1195 2787 1281 2864 εἶδος.

240 2914 265 2976 οἱ
302 2912 332 2977 δὲ
369 2912 484 2990 βότρυς.
530 2912 659 2978 Nomen
697 2918 805 2977 ortum
844 2911 973 2978 videtur
1007 2933 1027 2978 a
1062 2912 1280 2980 similitudine

241 3039 374 3096 ornatus
412 3052 486 3096 oum
528 3032 642 3111 ,uve’'‚
677 3031 738 3096 hac
773 3033 860 3097 enim
895 3032 1134 3119 significatione
1168 3033 1280 3117 βότρυς

240 3151 361 3237 legitur
391 3151 491 3216 Hom.
523 3151 561 3216 Il.
590 3154 639 3216 18.
665 3154 739 3216 502.
772 3153 828 3218 Ar.
851 3153 911 3239 Eq.
940 3155 1035 3219 1077.
1059 3153 1146 3219 Pist.
1170 3154 1279 3243 Logg.

243 3278 272 3338 7.
290 3276 354 3339 844
372 3273 422 3356 (1.;
447 3273 532 3339 idom
558 3280 608 3338 ost
632 3272 719 3360 quod
746 3273 953 3355 ..βέοτρυχος”
977 3273 1064 3361 apud
1088 3276 1280 3363 nequiores,

242 3416 301 3461 nc.
336 3394 444 3460 Nonn.
480 3394 520 3458 D.
556 3396 584 3458 l.
612 3397 687 3460 528.
724 3395 845 3480 Agath.
880 3397 919 3459 21
953 3395 1008 3479 (V.
1041 3396 1132 3480 287).
1158 3396 1279 3464 -01

240 3514 374 3600 praefat.
399 3516 417 3597 ξ
440 3513 510 3589 2β.

283 3635 546 3713 βουλευμάτων
582 3633 824 3715 „consiliolum”
849 3636 969 3721 legitur
992 3634 1078 3723 apud
1101 3636 1277 3726 Aristoph.

240 3758 273 3821 in
312 3757 371 3843 Eq.
408 3780 436 3821 v.
465 3758 543 3821 100:
578 3756 680 3822 mim
715 3758 801 3822 τουτὶ
836 3756 1004 3823 κιιτοιτιὶοοο
1037 3758 1277 3837 βουλευματίων.

240 3877 486 3941 Deminutivum
518 3886 568 3942 ost
600 3879 702 3962 (vocis
728 3879 1278 3968 βούλευμο),ι]00(110(11001001)-

242 3998 392 4062 tilitotenr
417 3998 651 4083 cogitationum
676 4008 710 4065 et
732 4001 940 4066 consiliorum
957 4002 1052 4067 servi.
1069 4003 1276 4071 Terminstio

239 4142 289 4179 -ιεο
314 4118 575 4204 frequentissimo
599 4121 632 4183 in
657 4122 842 4185 nominibus
866 4125 990 4208 graecis
1014 4124 1276 4211 inveniremini

241 4238 274 4300 10
304 4238 552 4326 Aristophanem
584 4240 701 4305 sobolis
730 4264 795 4307 non
820 4252 886 4308 tam
910 4266 1007 4333 saepe
1031 4268 1129 4335 quam
1154 4269 1278 4339 expoe-

241 4366 346 4425 tomus
370 4382 412 4425 ox
436 4360 619 4447 frequentin
643 4363 712 4426 oius
736 4363 822 4450 opud
849 4366 988 4452 reliquos
1012 4367 1198 4454 scriptores.
1223 4370 1274 4439 Cf.
