3044 4926
299 382 375 429 XXII
680 381 942 429 PRAEFATIO.

298 617 378 678 nent
408 612 506 678 etiam
537 613 659 680 formae
691 612 894 680 adverbiales
924 613 1125 701 interpositis
1159 613 1327 701 particulis

298 735 332 800 in
355 758 364 798 ι
387 734 679 801 demonstrativum
711 741 890 819 exeuntes,
923 757 1003 823 quas
1026 736 1179 802 collectas
1202 735 1329 802 videbis

299 878 324 922 s.
349 879 377 922 v.
400 858 563 935 ένγετοουθέ.

343 981 361 1064 §
386 981 437 1044 11.
483 976 650 1046 Nonnulla
681 979 839 1046 vocabula
869 1001 935 1045 non
968 979 1055 1068 quod
1078 978 1120 1045 ad
1144 978 1333 1064 notionem,

299 1098 357 1167 sed
387 1099 475 1189 quod
506 1099 548 1166 ad
576 1101 735 1167 formam
758 1101 880 1167 attinet
904 1100 1100 1168 comicorum
1124 1099 1254 1188 propria
1276 1101 1334 1165 ha·

299 1221 407 1288 banda
430 1226 517 1288 sunt.
564 1222 640 1287 Huc
663 1221 787 1288 refero:

344 1366 373 1408 οι.
419 1342 607 1426 Venabula,
643 1363 727 1430 quae
763 1342 859 1408 aliam
890 1341 1026 1408 formam
1058 1339 1145 1429 apud
1177 1340 1332 1417 comicae,

298 1464 396 1531 aliam
428 1462 516 1552 apud
548 1463 691 1551 reliquos
724 1462 897 1550 scriptores
920 1460 1116 1542 induerunt,
1141 1460 1228 1526 scil:
1255 1458 1334 1524 οὶοοὶ·

298 1585 423 1670 βοοτος,
444 1584 544 1671 ε’λοιῖς,
560 1584 705 1672 κόψιχοι,
721 1581 790 1660 νέοοξ
799 1632 808 1667 ,
825 1583 1042 1669 πτωχέοτεροι,
1060 1581 1174 1663 τορύνοι,
1190 1580 1333 1663 οξΐδρυτοο,

298 1706 436 1789 ἀτρεμεέ,
455 1705 633 1791 οδπολοπέζοι,
653 1704 826 1791 οὶμεινόνυς,
842 1704 978 1786 οὶδιιχιῖν,
994 1704 1176 1788 departiretur,
1195 1701 1333 1786 οκοὲλοιφ,

298 1828 466 1908 ἦριοτοὶνοι,
490 1827 670 1894 δεδειπνάναι
694 1833 772 1894 cett.

343 1952 376 2032 β.
421 1950 596 2018 Adiectiva
619 1949 779 2034 verbalia,
796 1970 879 2038 quae
896 1947 982 2039 apud
999 1948 1085 2014 solos
1101 1946 1241 2013 comicos
1258 1968 1334 2012 con-

300 2078 429 2140 servata
452 2077 561 2156 sunt,
582 2094 656 2138 cum
679 2071 780 2138 rerba
802 2071 873 2158 ipsa
896 2071 995 2136 etiam
1019 2067 1107 2157 apud
1130 2068 1211 2134 alios
1234 2068 1334 2155 scrip·

300 2198 388 2260 tores
410 2193 633 2277 inveniuntur,
658 2190 745 2280 quod
771 2198 881 2258 tamen
897 2213 963 2257 non
980 2191 1042 2256 nisi
1058 2191 1193 2256 fortuito
1209 2190 1332 2256 factum

300 2337 372 2383 esse
407 2317 486 2382 satis
521 2321 645 2381 certum
681 2321 750 2399 est,
790 2336 864 2381 oum
898 2315 1039 2402 plurima
1072 2314 1137 2380 alia
1171 2312 1334 2379 adiectiva

301 2434 447 2502 verbalia
477 2433 519 2501 ab
552 2435 657 2499 omnis
687 2433 817 2522 generis
841 2434 1052 2522 scriptoribus
1075 2438 1232 2520 usurpata
1256 2432 1333 2498 sint.

301 2556 505 2623 Oomicorum
539 2560 649 2621 autem
681 2555 812 2642 propria
843 2559 936 2620 sunt:
960 2553 1177 2633 ἀποπατητέον,
1199 2554 1333 2631 οὶποοροο·

299 2679 372 2765 τέον,
390 2676 546 2759 κρουστέον,
562 2676 782 2762 μαστιγωτέος,
799 2676 966 2759 πλεοοτέιι,
983 2676 1128 2753 ποιοτέος,
1140 2674 1333 2752 ουνεκποτέοι,

299 2798 489 2876 οδποιιιιρτέος.

346 2922 364 3004 §
398 2921 449 2985 12.
496 2918 683 3007 Sequuntur
723 2918 881 2983 vocabula
919 2918 952 2984 in
991 2918 1160 2985 comoedia
1198 2919 1334 3006 antiqua

300 3041 441 3128 primum
476 3039 589 3123 obvia,
625 3060 708 3127 quae
744 3039 916 3106 seriores
950 3040 1081 3106 demum
1117 3043 1333 3129 scriptores

300 3161 369 3226 sive
392 3181 469 3226 casu
493 3161 561 3226 sive
585 3159 626 3227 de
641 3161 803 3227 industria
826 3160 1107 3228 adhibuerunt.
1133 3163 1219 3228 Data
1236 3185 1334 3251 opere

301 3282 334 3347 id
358 3282 471 3370 procul
495 3279 595 3347 dubio
618 3282 767 3349 fecerunt
790 3284 853 3348 seri
877 3283 1075 3349 Graecorum
1100 3289 1252 3371 nepotes,
1277 3285 1333 3368 qui

302 3405 444 3493 antiquis
467 3402 562 3481 οέξεοι
587 3411 752 3492 tamquam
769 3405 904 3491 gemmis
921 3404 1041 3492 scripta
1056 3426 1115 3470 sua
1132 3403 1334 3491 distinguere

302 3526 489 3593 studebant.
536 3526 666 3592 Aetatis
704 3525 818 3591 ordine
857 3525 891 3590 hi
929 3531 1028 3590 sunt:
1075 3525 1334 3609 Demosthenes,

301 3647 516 3731 Aristoteles,
551 3646 816 3734 Theophrastus,
852 3647 948 3712 Dion.
985 3646 1171 3729 Halicarn,
1206 3647 1335 3712 Plutar-

302 3769 399 3851 chus,
438 3766 482 3833 M.
523 3766 731 3851 Antoninus,
771 3768 954 3850 Lucienus,
991 3767 1235 3852 Artemidorus,
1272 3769 1334 3834 Dio

303 3887 451 3972 Cassius,
486 3887 643 3971 Babrius,
679 3887 878 3975 Alciphron,
913 3889 1090 3971 Aelianus,
1124 3890 1334 3972 Athenaeus,

302 4008 425 4074 Sextus
456 4007 656 4094 Empiricus,
687 4008 839 4074 Clemens
870 4008 1131 4094 Alexandrinus,
1157 4011 1336 4077 Philostra-

303 4136 373 4213 tus,
409 4129 586 4215 Libanius,
621 4130 905 4218 Theophylactus,
942 4132 1150 4217 Eustatbius,
1188 4135 1335 4202 Tzetzes.

303 4250 474 4317 Vocabula
495 4256 589 4318 sunt:

348 4372 566 4454 οὶπεροὶτιλτος,
590 4375 775 4456 ἀπερυθριᾶν,
799 4375 931 4450 σποδεῖν,
947 4377 1108 4460 scepsis,
1126 4378 1332 4460 οὶποιιιιέεύδιυ,
