3044 4926
246 308 308 370 144
641 308 878 385 Ἡμιδιπλρΐδιωκ.

288 550 547 627 austronothum
584 553 778 634 „amiculum
818 552 999 619 muliebre’'
1034 553 1158 641 legitur
1192 553 1279 642 apud

243 671 497 761 Aristophanem
533 675 567 738 in
601 675 689 742 Eool.
714 697 743 739 v.
769 677 852 741 318:
885 674 1036 752 λαμβάνω
1068 675 1149 741 τουτὶ
1172 676 1207 741 τά
1228 685 1281 751 τῆς

242 794 377 871 γυναικὸς
413 794 628 873 ἡμιδιπλοίδιον.
666 796 793 862 Schol.:
830 799 862 863 τὸ
897 804 1061 874 γυναικεῖον
1095 797 1230 876 tadmor,
1263 798 1280 873 ἢ

242 916 421 991 άκιιβάλάιωκ
443 923 597 996 γυναικῶν.
622 919 790 985 nauatae
814 920 936 1007 legitur
959 919 1046 1008 apud
1071 921 1156 986 Poll.
1183 923 1213 986 7.
1238 922 1279 984 49

243 1042 276 1100 et
299 1036 425 1114 δικλοΐς,
451 1038 625 1104 amiculum
649 1039 853 1127 cynicorum,
886 1040 1000 1127 Antip.
1026 1039 1095 1107 sid.
1121 1041 1163 1105 80
1189 1038 1279 1123 (VII.

244 1159 300 1243 65)
323 1160 470 1246 (gramm.
494 1159 632 1249 δι’πλκξ).
658 1161 707 1228 uf.
730 1162 823 1227 δικλιι
844 1188 864 1228 ω
882 1160 1044 1251 (duplico)
1068 1163 1188 1229 Aesah.
1216 1164 1278 1248 Ag.

244 1282 319 1347 800.
344 1320 386 1330 -
410 1281 496 1349 Vide
520 1282 657 1370 praefat.
681 1286 699 1368 ξ
724 1285 754 1348 7.

253 1389 259 1405 ’
288 1401 469 1480 ἡμικάκως
501 1402 632 1469 adverb.
666 1435 706 1459 =
734 1406 856 1489 ,,ράι.ις,
892 1405 1123 1472 mediocriter”
1158 1407 1278 1495 legitur

242 1523 329 1612 apud
360 1524 615 1613 Aristophanem
647 1526 680 1591 in
712 1526 843 1592 Thesm.
875 1548 905 1591 v.
939 1528 1022 1594 449:
1055 1527 1126 1601 τέως
1155 1529 1210 1604 μὲν
1233 1524 1278 1594 οὖν

242 1650 313 1714 ἁλλ’
344 1649 492 1726 ἡμικάκως
523 1648 696 1726 ἐβοσκόμην.
733 1649 782 1713 De
815 1647 877 1713 adi.
912 1649 1053 1725 ἧρκίκωκως
1086 1648 1124 1713 oi.
1151 1649 1277 1715 Polluo.

244 1772 274 1835 6.
311 1772 388 1837 1612
426 1771 565 1846 ἡμάκακωι
598 1771 628 1834 δὲ
663 1770 821 1844 Εὐκλείδης
845 1769 927 1847 λέγει
951 1769 1000 1835 nai
1024 1775 1192 1852 Σοφοκλῆς.
1229 1770 1277 1837 Of.

243 1891 342 1980 Soph.
366 1891 404 1956 fr.
429 1894 504 1957 885.
532 1892 627 1959 Alex.
652 1894 683 1957 3.
709 1893 783 1956 387.
816 1890 961 1956 Plurima
992 1891 1175 1977 composita
1205 1912 1278 1957 oum

242 2033 312 2078 voa.
343 2014 395 2089 άμι
421 2050 460 2060 -
486 2010 577 2077 <iabit
607 2012 728 2078 Pollux
760 2010 807 2100 (6.
843 2012 906 2076 160
937 2017 971 2076 et
1005 2012 1092 2096 161).
1117 2048 1162 2062 —-
1192 2011 1278 2078 Vide

242 2134 377 2222 praefat.
405 2137 423 2219 ξ
450 2134 490 2198 10
506 2158 536 2198 ιι.

287 2257 481 2336 aarum
505 2253 662 2342 „dimidia
685 2253 800 2342 eapitis
825 2251 916 2341 pars’'
939 2252 1061 2339 legitur
1084 2251 1172 2339 apud
1188 2253 1279 2319 Aris·

245 2376 421 2466 tophanem
451 2376 485 2441 in
516 2375 647 2442 Thesm.
676 2396 707 2440 v.
733 2376 815 2441 227:
840 2373 938 2438 οὔκωκι
961 2372 1193 2452 καταγέλαστος
1215 2372 1279 2448 δῆτ’

241 2499 298 2563 ἔσει
321 2501 373 2572 τὴν
396 2496 567 2575 ἡμίκραιραν
589 2498 641 2571 τὴν
664 2495 761 2574 ἑτέρων
784 2495 874 2573 ψιλὶρν
896 2494 990 2578 ἔχων;
1009 2498 1042 2560 et
1057 2493 1146 2580 apud
1162 2493 1279 2582 Amip·

242 2618 322 2683 siam
355 2617 406 2707 (fr.
440 2620 494 2702 7.).
526 2616 756 2704 Aristophanis
787 2614 825 2679 ir.
858 2617 940 2681 951:
972 2615 1120 2695 ἓψίλωτικά
1150 2638 1196 2688 τις
1226 2616 1279 2690 τὴν

240 2740 339 2818 ἑτέρων
363 2741 533 2820 ἡμίκραιραν
556 2736 688 2803 secund.
715 2735 818 2802 Koak.
844 2735 1009 2802 detortum
1033 2740 1083 2801 est
1107 2736 1278 2802 e'l'hesm.

241 2883 272 2928 v.
312 2863 395 2945 2273
434 2860 473 2926 of.
513 2860 665 2937 ἠμάκριικον
706 2889 746 2913 =
786 2858 1004 2938 ἧμικεφάλωιοι
1037 2855 1161 2944 Phryn.
1201 2858 1277 2922 326.

242 2979 386 3068 Hesyah.
415 2981 604 3047 Formatum
632 2986 682 3045 est
706 2979 901 3044 vocabulum
924 2985 962 3044 ut
985 2977 1184 3044 adiectivum
1209 2979 1278 3044 Ho-

242 3103 396 3169 mericum
431 3103 617 3186 άράάκράιρος,
654 3100 741 3189 quod
773 3101 936 3188 signifieat
959 3101 1024 3179 άράά
1047 3099 1159 3179 κέρατά
1181 3100 1277 3186 ἔχων,

242 3225 340 3290 boum
372 3230 405 3289 et
436 3225 567 3290 narium
592 3223 780 3310 epitheton3
805 3244 1001 3310 quamquam
1026 3223 1170 3287 notionis
1194 3223 1277 3288 ratio

241 3345 368 3410 facilius
392 3349 502 3433 posset
525 3343 699 3433 explicari,
723 3344 750 3409 si
775 3366 809 3409 re
827 3367 904 3410 vera
920 3367 993 3410 oum
1009 3345 1155 3433 antiquis
1172 3368 1276 3433 gram·

242 3467 367 3532 matiois
395 3487 522 3532 sumere
545 3465 659 3532 liceret
683 3466 832 3532 extitisse
856 3466 1020 3554 quondam
1045 3469 1147 3534 subst.
1171 3476 1276 3551 κρκΐριι

162 3571 165 3577 ’
242 3620 283 3644 =
309 3588 384 3670 κιιρά
408 3618 448 3643 --
473 3586 878 3674 κεφάλά.(11.ρῐωθ1κ1.ξ
903 3590 960 3652 36.

287 3713 473 3790 ἡμάλιωτις
511 3711 717 3797 „semilotus”
751 3711 872 3797 legitur
902 3710 989 3799 apud
1021 3710 1192 3777 Cratinum
1220 3711 1272 3798 (ir.

242 3836 335 3923 416).
369 3835 453 3900 Poll.
486 3837 516 3901 6.
545 3836 624 3899 161:
664 3833 830 3916 „iuiaouror
860 3832 889 3897 δὲ
920 3840 1057 3908 Κρατῖνος
1089 3833 1202 3912 εἴρηκε,
1225 3834 1272 3900 ui

243 3955 395 4028 Φιλύλλιος
420 3957 611 4032 ἧμιπλεκτρι,
638 3955 817 4031 ἡμιμάσκτωι
841 3954 870 4018 δὲ
893 3955 1025 4039 Κράτης,
1045 3957 1094 4019 aa>
1118 3935 1275 4037 ἧμιφωρά·

240 4103 295 4144 κων
319 4077 562 4159 Ἀριστρφάνκς”.
588 4076 636 4142 Cf.
661 4076 783 4148 άλρωτος
807 4076 864 4141 Ar.
889 4076 948 4163 loq.
977 4078 1072 4141 1061.
1097 4079 1161 4145 Αν.
1180 4080 1272 4144 1554.

241 4200 317 4267 Eur.
341 4200 504 4266 u1.1111.
528 4200 629 4265 Plura
652 4218 794 4285 compos.
818 4219 890 4263 oum
912 4199 978 4271 άιιι·
994 4196 1068 4262 vide
1085 4198 1172 4286 apud
1190 4199 1273 4264 Poll.

241 4327 273 4391 6.
301 4327 363 4389 160
386 4346 434 4412 sq.
