3044 4926
677 352 870 433 Ἑραθοθσους.
1232 360 1294 423 135

253 596 398 685 praesidi
422 597 571 663 libabant
594 620 614 663 a
636 619 740 664 ooena
762 597 956 685 surgentes''
977 598 1036 688 (H.
1055 601 1184 692 Steph.)
1202 625 1293 669 usur-

252 724 312 806 pat
345 719 479 784 Strattis
506 720 541 785 in
564 719 602 784 fr.
628 722 688 786 22:
726 721 835 800 Ἑομῆς
860 719 889 785 ὃν
911 718 1024 788 ἐλαοσσ“
1046 723 1071 787 οἱ
1094 722 1148 801 μὲν
1171 725 1204 789 ἐκ
1227 750 1293 807 ποσ-

252 839 372 921 χοιδθου.
404 840 481 905 Ath.
502 842 529 904 1.
554 842 597 905 32
618 840 656 907 b:
681 841 768 920 ἓθμῆς
790 841 814 906 δ’
837 836 911 914 εἶδος
934 841 1045 915 πόσεως
1068 843 1151 923 παρὰ
1175 846 1290 927 Στροθσ-

251 961 318 1029 σιδι.
355 952 510 1028 Photius:
544 961 651 1042 ἐρικῆς·
679 959 788 1034 adosse
818 958 909 1035 εἶδος·
941 964 978 1035 ὡς
1010 965 1124 1041 οὶγαθοῦ
1155 963 1288 1042 δαίμονος

250 1084 302 1151 καὶ
327 1084 395 1157 Διὸς
418 1091 553 1164 σωτῆρος.
589 1083 715 1149 Similia
738 1083 882 1170 Hesyoh.
916 1086 1037 1150 Potum
1060 1087 1152 1152 illum
1176 1087 1290 1154 bibere

251 1212 304 1273 est
331 1206 438 1290 „tpaiv
461 1203 587 1273 ἐλκειο”.
612 1243 655 1253 -
681 1205 729 1272 uf.
755 1205 890 1293 praefat.
917 1209 934 1292 ξ
958 1209 1019 1273 3θ.

295 1325 500 1407 ἐρυθρόπους
524 1325 599 1391 vide
623 1325 664 1392 ad
688 1347 755 1391 voe.
781 1327 875 1400 ἐλεᾶς.

295 1448 578 1526 ἐσκαλαμᾶσθαι
624 1447 730 1530 „intro
775 1468 903 1512 sursum
945 1448 1096 1515 trahere’'
1140 1449 1289 1541 (Blayd.)

250 1570 375 1658 legitur
404 1567 491 1657 apud
523 1568 778 1655 Aristophanem
809 1568 845 1632 in
867 1570 967 1656 Vesp.
1000 1592 1028 1636 v.
1062 1573 1143 1639 381:
1168 1570 1290 1653 ζητῆτόν

248 1692 285 1770 μ’
309 1692 541 1771 ἐσκαλαμᾶσθαι
564 1688 774 1755 αοέιοθσσασσοα
798 1697 887 1757 ποιεῖν
910 1689 975 1756 εἵσω
999 1692 1038 1759 Β.
1052 1693 1087 1758 (l.
1102 1694 1144 1778 V,
1163 1696 1289 1761 ἐνκαλα·

248 1813 364 1889 μασθαι
388 1813 446 1890 R„
472 1816 506 1877 et
529 1812 810 1889 ἐκκαλαμᾶσθαι
840 1811 983 1894 „avello”
1007 1812 1129 1879 ibidem
1153 1837 1183 1880 v.
1203 1817 1287 1883 609:

248 1929 318 2010 ἅμα
342 1941 378 2013 τῇ
401 1931 522 2014 γλώσσῃ
547 1929 579 1995 τὸ
598 1930 751 2010 τριώβολον
767 1933 988 2008 ἐκκαλαμᾶται.
1015 1933 1141 2000 Sobel:
1158 1936 1288 2001 ἐσκαλα-

247 2055 361 2131 μοὶσθαι
393 2052 457 2118 ἀντὶ
490 2056 542 2117 τοῦ
575 2054 695 2129 σὀιιμοῖο,
725 2054 761 2124 ὡς
789 2054 813 2117 οἱ
836 2060 896 2126 τοῖς
919 2053 1066 2132 ααλοθαοις
1090 2057 1155 2130 τοὺς
1180 2059 1287 2139 ι’χθθας

249 2175 430 2247 σἰιέλκοισες.
461 2174 691 2252 ἐκααλαμῖοσθαι
721 2174 872 2252 clusensis,
905 2174 965 2239 οέσέ
997 2182 1052 2240 τῶν
1075 2176 1123 2242 uu
1147 2180 1286 2254 καλοθαου

249 2298 316 2370 τοὺς
340 2297 446 2379 ἰχθύας
469 2296 657 2375 θαρευθντωι.
682 2297 887 2374 Καλαμθισθαι
908 2318 1006 2363 sensu
1026 2299 1153 2385 spicas
1177 2300 1285 2366 oolli-

250 2417 367 2506 gendi
390 2417 511 2505 legitur
534 2417 621 2505 apud
637 2418 726 2483 Plut.
744 2418 900 2506 apophth.
918 2434 984 2505 reg.
1002 2420 1159 2507 Antigon.
1173 2444 1204 2509 p.
1222 2425 1283 2489 105

249 2538 470 2630 (σσαχυλογεθν
492 2540 534 2606 V.
548 2540 586 2604 L.
600 2540 657 2621 L.,
690 2539 746 2603 ubi
771 2538 869 2604 etiam
894 2539 934 2604 de
958 2541 1034 2606 vine
1059 2541 1181 2608 dietum
1205 2545 1282 2634 est).

291 2660 433 2742 ἐσχθρα
458 2659 597 2726 vidend
622 2681 689 2726 von
715 2660 837 2725 δέλτα.

291 2783 460 2864 ἐσχαριον
495 2778 660 2868 „foculus”
692 2782 813 2868 legitur
843 2781 930 2868 apud
962 2782 1217 2868 Aristophanem
1248 2787 1283 2852 in

244 2908 282 2973 fr.
308 2908 383 2974 516.
408 2904 501 2971 Idem
526 2911 576 2971 est
599 2903 744 2986 θνθροθαιοι
768 2927 819 2992 ep.
844 2904 942 2970 Alex.
968 2907 997 2969 3.
1024 2907 1088 2970 443
1110 2912 1143 2972 et
1159 2909 1281 2992 ἐσχαρίς

243 3027 413 3114 Aristoph.
446 3027 482 3091 fr.
516 3028 590 3091 777.
622 3026 720 3091 Alex.
754 3029 784 3090 3.
817 3027 893 3092 498.
918 3027 1005 3092 Plut.
1031 3028 1155 3115 Poplio.
1183 3034 1222 3095 17
1247 3039 1281 3097 et

243 3170 311 3235 seq.
341 3146 441 3235 Apud
474 3148 639 3234 sequiores
671 3146 804 3226 ἐσχαριοι
836 3146 999 3233 signifieat
1029 3148 1216 3235 „fulcrum”‚
1241 3154 1280 3217 of.

242 3268 359 3356 Polyb.
385 3271 414 3333 9.
440 3270 488 3332 41.
516 3271 546 3332 4.
571 3268 610 3332 D.
636 3268 698 3332 uie.
723 3269 774 3332 20.
792 3269 844 3331 91.
869 3268 1075 3333 Vocabulum
1092 3276 1143 3335 est
1159 3268 1279 3340 demin.

241 3390 332 3456 voois
362 3387 495 3474 ἐσχάρα,
522 3410 605 3476 quae
629 3389 758 3475 saepius
782 3389 921 3475 legitur3
946 3389 1020 3455 vide
1044 3393 1181 3477 praefat.
1206 3396 1223 3478 §
1249 3397 1277 3459 7.

288 3514 585 3594 ἐσερεγκεφαλοῖι
613 3511 799 3599 „desipere‚
825 3512 1040 3592 napaopoaffl
1065 3513 1160 3596 (Poll.
1178 3516 1206 3579 2.
1224 3518 1277 3583 42.

241 3631 404 3719 Hesyoh.)
437 3633 557 3718 legitur
589 3631 675 3720 apud
707 3631 962 3718 Aristophanem
993 3633 1027 3697 in
1059 3634 1096 3698 fr.
1124 3637 1198 3700 778.
1228 3636 1275 3702 uf.

240 3755 347 3822 Bekk.
371 3756 497 3822 Aneed.
523 3760 575 3821 37.
594 3760 632 3821 18
650 3758 928 3840 inpellamus·
950 3758 983 3822 σθ
999 3759 1167 3841 ἐγκέφαλον
1184 3758 1277 3841 ἕτερον

238 3874 290 3940 καὶ
313 3875 356 3952 ab
378 3875 426 3941 τὸν
450 3879 531 3942 aava
555 3877 644 3957 Φύσιν
669 3878 758 3956 ἔχειν.
784 3878 800 3953 ἢ
827 3878 923 3953 ἐπειδὴ
948 3880 1144 3962 ὁέγκέφαλος
1162 3882 1275 3965 demptis

239 3998 373 4064 ἐστιντὸ
397 3998 439 4075 μὴ
463 3997 612 4078 ὁλόκληρον
636 3999 715 4078 ἔχειν
739 4000 787 4065 τὸν
811 4001 997 4083 ἐγκέφαλον,
1023 4000 1107 4065 aaut
1127 4000 1159 4067 σθ
1175 4000 1273 4077 ἥμισυ.

240 4119 352 4186 Subst.
385 4120 554 4200 ἐγκέφαλος
586 4122 683 4186 Hom.
714 4132 747 4189 Γ.
781 4123 856 4186 300.
889 4146 897 4186 ι
932 4124 1006 4188 458.
1039 4124 1124 4189 Plat.
1149 4124 1272 4189 Phaed.

240 4241 282 4304 96
296 4237 327 4305 b.
362 4239 463 4326 Hipp.
487 4240 561 4306 mei.
588 4243 652 4305 292
666 4242 696 4306 d.
721 4243 778 4306 Ar.
803 4242 888 4307 Nub.
915 4245 1010 4307 1276.
1035 4244 1130 4308 Dem.
1157 4248 1186 4310 7.
1211 4249 1272 4330 45,

238 4361 280 4427 al.
305 4399 348 4408 -
372 4360 458 4426 Vide
481 4362 617 4449 praefat.
641 4365 659 4448 ἓ
686 4366 752 4441 17.
785 4363 835 4427 De
859 4365 1093 4451 compositione
1117 4366 1156 4431 of.
1180 4367 1272 4449 βαρυ-
