3044 4926
243 349 307 412 120
672 346 836 425 Ἔμβολον.

241 594 407 683 Aristoph.
432 595 532 683 Vesp.
552 596 626 660 103.
643 595 730 660 Plut.
750 597 824 662 759.
842 596 885 660 Is.
904 598 933 660 5.
956 598 1007 663 ll.
1024 597 1112 662 Plut.
1131 597 1272 664 Demetr.

242 717 295 784 41.
320 720 397 784 Luo.
422 717 506 782 Gall.
532 720 560 782 2.
587 721 617 783 6.
643 757 685 766 -
710 717 759 783 of.
784 718 920 805 praefat.
944 721 962 803 5
988 720 1017 784 7.

286 839 458 918 ἔμβαλες
483 838 558 904 vide
583 861 607 903 s.
631 861 660 904 v.
684 837 867 921 τριέμβολον.

287 961 463 1042 ἐμβρύεια
489 961 662 1044 „videntur
679 984 750 1028 esse
766 983 880 1028 earnes
897 963 1116 1049 embryorum‚
1132 963 1277 1029 foetuum

241 1084 386 1151 nondum
417 1085 591 1150 natorum''
627 1085 684 1170 (H.
711 1086 859 1173 Steph.);
890 1085 1011 1172 legitur
1035 1083 1123 1173 apud
1155 1085 1278 1151 Aristo·

241 1207 383 1293 phancm
406 1205 440 1270 in
464 1205 500 1269 fr.
528 1208 610 1283 569,
636 1229 666 1274 v.
683 1207 715 1271 4.
740 1207 834 1272 Talia
848 1207 882 1272 in
899 1205 968 1271 foro
985 1206 1097 1272 venire
1114 1212 1152 1271 ut
1167 1207 1275 1273 eibum

242 1324 425 1390 mirandum
460 1331 527 1410 est,
568 1326 625 1391 sed
661 1332 791 1415 oportet
830 1327 1010 1393 meminisci
1045 1328 1145 1394 etiam
1181 1329 1276 1395 larris

242 1446 425 1512 cicadarum
441 1447 530 1512 vesci
546 1448 753 1513 consuevisse
771 1448 993 1514 Athenienses
1007 1453 1141 1516 auctore
1155 1449 1276 1516 Athen.

246 1571 307 1635 133
324 1569 363 1646 b,
403 1569 540 1634 Aristot.
572 1568 616 1635 H.
649 1569 689 1636 A.
715 1571 745 1634 5.
771 1571 813 1633 24
846 1569 899 1652 (of.
921 1569 1066 1647 τέττιγας
1097 1570 1132 1635 in
1163 1569 1276 1637 eodem

242 1689 381 1776 fragm).
411 1689 464 1754 Ad
488 1689 624 1754 formam
647 1690 687 1755 cf.
710 1689 814 1771 βάριες.
833 1690 986 1772 ’Έμβρνιν
1010 1691 1131 1778 legitur
1155 1692 1273 1760 Aeseh.

242 1811 336 1878 Eum.
370 1812 445 1875 905.
471 1809 608 1877 Aristot.
633 1811 676 1876 H.
702 1810 743 1878 A.
769 1813 800 1876 5.
828 1813 878 1877 12.
903 1812 983 1877 Luc.
1008 1811 1078 1877 Vit.
1103 1818 1191 1880 auct.
1217 1815 1276 1897 26,

243 1933 284 1997 al.
316 1933 522 2000 Vocabulum
554 1933 697 2015 ἐμβρύεια
731 1939 781 1999 ost
813 1934 913 2000 inter'
931 1955 971 1999 ca
1002 1933 1043 2000 de
1075 1934 1196 2021 quibus
1229 1935 1277 2022 egi

244 2053 343 2139 praef.
368 2055 386 2137 ξ
410 2055 470 2119 3ν.

288 2173 440 2256 ἓριρινρριι
478 2174 584 2260 „quod
620 2175 748 2261 pignori
773 2181 841 2261 est,
877 2177 964 2263 quod
988 2182 1157 2266 tamquam
1182 2179 1274 2246 obses

245 2293 358 2360 datur'’
381 2295 502 2381 legitur
526 2293 612 2382 apud
637 2295 841 2360 Demetrium
864 2296 915 2381 (fr.
941 2295 1008 2386 2.):
1037 2298 1275 2380 „nanciscatur

244 2417 268 2478 θ’
298 2416 377 2493 ἡμῶν
408 2416 447 2479 τιὶ
475 2416 561 2496 τείχη
584 2416 772 2493 κατέβαλον,
797 2417 846 2481 uoti
870 2418 929 2490 τιὶς
952 2418 1070 2499 τριήρεις
1093 2418 1204 2498 ἔλιιβιν
1228 2423 1275 2497 ἒμ-

245 2540 367 2618 μήρρνς,
399 2535 476 2609 ὅπως
506 2537 610 2614 μηκέτι
641 2538 918 2618 θινλιιττοκριιτιῑντι
951 2540 1203 2614 Πελοπινννὶσιιι”.
1231 2540 1275 2607 Oi.

246 2659 390 2747 Hesych.
414 2659 576 2739 ε’ριτιὶρειις·
603 2661 767 2740 Δημήτριοι
791 2661 820 2724 ἕν
844 2662 975 2744 Σικελίρ.
999 2662 1119 2743 ἔμτνριι
1142 2659 1189 2729 οὖν
1212 2663 1277 2729 ιῖἕν

246 2782 355 2865 tanat,
387 2781 474 2853 ὄντες.
500 2782 608 2869 Etym.
634 2803 675 2845 m.
701 2783 776 2845 335.
806 2784 862 2846 17:
887 2781 1025 2863 ἔμμιρροι,
1050 2781 1075 2846 σι’
1091 2782 1140 2847 ἐπὶ
1158 2783 1276 2865 ἐνέχυρα

248 2903 388 2992 (ἐνεχύρῳ
418 2904 533 2988 Mein.)
563 2903 696 2982 διδόμενοι
727 2904 842 2980 (ortior.
877 2905 1040 2982 Δημήτριος
1076 2905 1106 2969 ἕν
1136 2913 1275 2977 Σικελοῖς.

247 3024 339 3090 Idem
370 3046 441 3090 csse
472 3024 602 3090 videtur
633 3023 719 3112 quod
751 3022 852 3102 ὅμηροι
883 3024 970 3111 apud
1002 2999 1115 3092 omnes
1139 3028 1277 3116 reliquos

248 3147 431 3233 scriptores.

294 3270 443 3349 ἐριμνεῖν
470 3266 601 3353 „initio”
625 3269 672 3354 (in
701 3268 810 3356 aliqua
833 3270 939 3352 veste)
973 3274 1023 3334 est
1046 3269 1134 3356 apud
1158 3270 1280 3336 Aristo

249 3391 391 3479 phanem
426 3389 460 3454 in
494 3389 582 3455 Plut.
614 3412 644 3454 v.
679 3391 761 3453 845:
793 3395 855 3467 μῶν
885 3391 1039 3467 &reperiisse
1063 3390 1126 3465 δῆτ’
1150 3392 1180 3455 ἒν
1202 3392 1279 3472 αὐτῷ

249 3513 290 3579 τὰ
313 3510 457 3596 μεγάλη
482 3510 535 3577 Sic
559 3509 629 3575 cod.
655 3510 695 3575 R.
721 3510 812 3575 Pors.
839 3511 939 3576 Dobr.
964 3511 1068 3576 Bekk.
1093 3511 1207 3581 Dindi.
1222 3519 1279 3590 μεῖν

251 3634 372 3710 ἐμυήθης
398 3633 430 3698 S.
444 3633 481 3697 T.
495 3633 535 3697 V.
549 3633 592 3696 X.
617 3637 678 3708 μῶν
693 3629 739 3697 οὖν
763 3633 936 3709 &portarit
963 3633 1002 3698 G.
1016 3633 1057 3698 U.
1071 3634 1126 3698 W.
1141 3636 1183 3700 Y.
1197 3647 1230 3702 Z.
1245 3648 1280 3701 Δ.

253 3765 288 3819 Η.
302 3766 338 3820 Θ.
352 3764 387 3819 Φ.
402 3763 446 3817 Ω.
470 3752 612 3818 Meinek.
637 3754 702 3818 Per
725 3775 758 3818 se
776 3752 907 3840 quidem
930 3755 1052 3820 bonum
1076 3762 1127 3821 est
1151 3764 1213 3831 μεῖν
1227 3756 1282 3844 οὖν,

253 3875 310 3941 sed
329 3875 533 3942 Ravennatis
550 3876 744 3962 scripturam
760 3876 930 3940 confirmat
947 3876 1033 3963 quod
1050 3879 1200 3964 sequitur
1214 3880 1282 3960 trep-

252 4000 350 4079 pr'yoo'
374 3996 516 4084 (Blayd.)
540 3999 622 4062 846:
645 3994 714 4072 οὒκ,
740 3999 812 4062 ἀλλ’
835 3999 995 4076 ἕνερρίγωσ·
1016 3998 1066 4074 ἔτιρ
1081 4001 1282 4078 τριακαίδεκα.

255 4121 401 4208 Simplex
416 4127 500 4198 μυεῖν
516 4120 635 4206 passim
652 4118 716 4205 legi
729 4119 801 4204 quis
814 4120 939 4183 noscit?
954 4158 992 4168 -
1008 4118 1055 4184 of.
1069 4120 1207 4208 praefat.
1223 4124 1281 4207 εὖ.

300 4242 535 4323 ε’μφιρβειοῡν
578 4241 773 4328 „capistrum
808 4240 938 4319 inicio’',
962 4240 1104 4325 Φιρβειὶιν
1127 4243 1278 4316 ἐντιθέναι,

255 4361 376 4449 legitur
397 4362 483 4453 apud
508 4362 761 4449 Aristophanem
784 4361 818 4428 in
842 4361 902 4426 Ar.
932 4385 962 4428 v.
988 4364 1068 4428 861:
1092 4363 1173 4433 οὕτω
1188 4362 1281 4443 κέρατ’
