3044 4926
241 309 305 373 112
692 303 823 387 Εἲσὲρρω.

203 530 206 533 ’
241 557 271 619 3.
296 555 371 620 617.
408 554 493 620 Casu
524 555 645 621 factum
676 555 763 642 quod
794 556 856 620 hoo
891 554 1088 621 vocabulum
1113 576 1271 644 nusquam

241 677 318 744 alibi
352 679 413 744 hao
447 680 577 766 propria
612 678 849 766 significatione
883 678 1024 744 inveniri
1058 677 1201 746 videtur.
1231 716 1273 729 -

241 800 287 866 Of.
311 801 447 889 praefat.
470 802 489 886 ἕ
513 803 542 866 5.

285 923 422 1005 alcippe
450 921 574 1005 „irruo”
597 923 718 1009 legitur
741 922 798 988 Ar.
823 922 952 988 Thesm.
979 921 1076 987 1075.
1100 920 1213 1009 Equit.
1236 922 1274 988 4:

243 1042 294 1125 „ii
316 1040 349 1108 οὖ
371 1044 431 1124 γὰρ
454 1040 620 1124 εἱσήρρησεκ
637 1043 666 1116 ἐς
683 1045 736 1119 τὴν
754 1042 843 1109 violae
862 1041 986 1120 πληγὰς
1005 1041 1055 1107 olel
1070 1041 1276 1124 προστρίβεται

239 1171 299 1238 σοῖς
321 1163 472 1238 σίκέτσκς.”
496 1164 620 1231 Imitati
643 1163 797 1230 videntur
820 1165 966 1253 Aloiphr.
991 1163 1054 1230 ΠΙ.
1080 1166 1135 1233 55.
1160 1165 1276 1254 Synes.

241 1310 272 1375 p.
294 1290 354 1353 107
372 1309 399 1353 o.
435 1286 484 1352 of.
519 1287 622 1368 σὶνέρρω
656 1287 772 1375 Eupol.
803 1286 848 1352 ΙΙ.
881 1288 944 1351 517
975 1287 1013 1370 (s.
1034 1292 1092 1372 v.).
1129 1287 1277 1377 Simplex

241 1409 306 1491 ἔρρω
340 1409 460 1499 passim
495 1410 631 1496 legitur3
669 1409 886 1496 compositum
921 1409 1022 1496 igitur
1057 1409 1206 1496 pertinet
1236 1408 1277 1475 ad

241 1529 342 1617 praei.
365 1533 383 1615 ξ
407 1533 437 1598 5.
461 1529 548 1596 Vide
572 1531 671 1596 etiam
694 1532 712 1615 ξ
737 1532 787 1596 12.

287 1650 456 1717 εἶσκέλλω
494 1650 661 1739 „appello”
697 1651 817 1738 legitur
851 1673 903 1740 ap.
939 1651 1109 1742 Aristoph.
1145 1650 1279 1723 Thesm.

242 1775 324 1840 877:
351 1772 456 1855 „arelas
477 1772 507 1838 δὲ
529 1772 629 1855 χώραν
651 1771 859 1852 εἰσεκέλσαμεν
874 1771 1001 1856 rodohan
1018 1772 1168 1862 Simplex
1185 1773 1279 1842 κΙλλκ

242 1894 420 1983 (appellere
447 1893 579 1984 navem)
605 1899 655 1960 est
678 1917 729 1983 ap.
755 1895 851 1960 Hom.
876 1900 980 1981 tragg.
1004 1895 1146 1983 sequior.
1170 1902 1280 1985 post,

242 2017 386 2083 ἕσσκέλλω
410 2038 460 2105 ap.
485 2017 582 2082 Hom.
607 2022 641 2082 st
664 2017 727 2104 Ap.
752 2015 861 2082 Rhod.
896 2017 1020 2083 Versus
1043 2016 1276 2107 Aristophanis

244 2144 294 2205 est
328 2138 444 2225 tragici
477 2139 612 2223 eoloris3
650 2138 871 2225 „probabilius
906 2143 956 2204 est
987 2139 1045 2204 Ar.
1075 2139 1137 2205 hos
1161 2161 1274 2207 verens

243 2258 378 2324 finxisse
413 2260 614 2342 (872-873.
652 2260 717 2324 885
753 2257 857 2348 sqq.);
893 2259 997 2325 libere
1031 2260 1138 2346 enim,
1169 2266 1210 2327 ut
1236 2282 1278 2327 ex

243 2380 485 2469 comparatione
507 2402 582 2446 eum
607 2381 738 2447 Helena
762 2380 872 2447 videre
893 2387 961 2460 est,
979 2382 1129 2449 versibus
1145 2384 1276 2472 tragicis

246 2502 357 2581 utitur,
392 2502 531 2590 plurima
564 2502 633 2589 ipse
667 2500 813 2588 fingens'’
849 2500 895 2590 (v.
927 2501 959 2570 d.
987 2501 1021 2569 S.
1045 2503 1111 2588 Β.).
1148 2541 1191 2553 -
1226 2502 1278 2570 cf.

244 2622 384 2712 praefat.
406 2624 424 2707 ξ
448 2625 477 2688 8.

289 2745 450 2825 εἰσκρσύω
486 2744 674 2824 „tundendo
705 2745 882 2810 introrsum
913 2744 1032 2831 adigo''
1062 2743 1121 2833 (E
1147 2744 1278 2835 Steph.)

243 2867 365 2954 legitur
388 2866 474 2954 apud
498 2867 729 2932 Pherecratem
752 2866 787 2930 in
811 2865 848 2930 fr.
876 2867 956 2948 105,
982 2885 1026 2930 so.
1053 2866 1122 2947 ,τὸν
1142 2864 1278 2932 semu

245 2989 279 3074 (i.
312 3008 340 3052 e.
371 2987 521 3066 πυθμένα,
553 2984 706 3075 fundum)
737 2992 790 3058 σῆς
822 2984 978 3066 χσίκσκσς”.
1008 2983 1061 3050 sio
1084 2984 1212 3066 ἐγκρσύκ
1236 2984 1278 3050 (le

246 3107 360 3174 eadem
391 3129 426 3173 re
458 3129 508 3196 ap.
542 3106 705 3193 Theophr.
737 3105 824 3171 Char
858 3109 916 3172 ll:
952 3111 1086 3187 „aeraria
1113 3104 1210 3188 μέτρῳ
1231 3107 1280 3173 σὸν

245 3230 381 3296 adriana
403 3227 643 3310 ε’γκεκρσυμέκῳ”.
669 3227 717 3294 Of.
742 3228 847 3315 simpl.
871 3227 958 3308 κρούω
982 3257 1022 3282 =
1047 3234 1276 3311 κρσυσιμεσρεῖκ,

246 3354 405 3440 Harpoor.
438 3350 598 3439 Hesyoh.,
625 3351 681 3415 ubi
704 3350 803 3416 etiam
828 3349 996 3431 σκρσκρσύω
1022 3348 1062 3415 de
1086 3349 1203 3416 eadem
1227 3371 1279 3432 re,

246 3479 281 3539 et
311 3471 535 3554 ε’κκρσύεσλκσ
568 3469 685 3560 (med.)
719 3493 770 3558 ap.
803 3471 1056 3557 Aristophanem
1087 3470 1121 3535 in
1151 3470 1191 3537 fr.
1214 3472 1281 3536 270

246 3592 349 3677 (flate
372 3590 569 3675 σύνδκκκς”),
593 3591 650 3655 uhi
667 3596 776 3656 tamen
793 3590 935 3655 Meinek.
953 3596 986 3655 et
1002 3589 1107 3655 Bekln
1124 3591 1280 3673 ἕσκρσσσκ·

247 3717 347 3794 μένους
371 3718 568 3802 proponunt.
597 3710 747 3777 -Vide
770 3710 906 3798 praefat.
930 3712 948 3795 ξ
971 3713 1002 3777 5.

292 3834 469 3903 elratoria
511 3856 565 3918 „se
605 3836 771 3918 volutare,
811 3856 845 3899 se
884 3834 1050 3921 implicare
1089 3832 1146 3898 in’'
1181 3854 1280 3901 sensu

248 3958 470 4046 metaphorice
502 3962 679 4043 usurpatur
702 3954 787 4043 apud
813 3954 1067 4042 Aristophanem
1091 3953 1125 4019 in
1149 3953 1279 4022 Thesm,

248 4100 278 4143 v.
311 4080 393 4143 651:
425 4078 464 4150 εἷς
487 4072 524 4143 οἷ’
549 4076 679 4157 ἕμσυσὸκ
702 4077 867 4143 εἰσεκύλισα
890 4076 1062 4156 πράγματα
1087 4073 1279 4163 (siresham

248 4200 289 4265 N.
303 4201 344 4265 R.
369 4199 563 4275 εἰσεκύκλκσκ
585 4198 695 4265 Bentl.
719 4198 789 4283 Br.)
814 4204 848 4264 et
873 4199 955 4281 767;
979 4203 1149 4285 praeterea
1165 4196 1278 4264 Reisk.

251 4323 420 4410 proposuit
443 4322 634 4387 εἰσκεκύλικεκ
656 4341 715 4408 pro
738 4319 956 4395 εἷσκεκύκληκεκ
979 4320 1034 4403 (R.
1048 4319 1104 4405 V.)
1127 4319 1162 4384 in
1179 4319 1279 4407 Vesp.
