<?xml version="1.0" encoding="UTF-8"?>
<!DOCTYPE html PUBLIC "-//W3C//DTD XHTML 1.0 Transitional//EN"
    "http://www.w3.org/TR/xhtml1/DTD/xhtml1-transitional.dtd">
<html xmlns="http://www.w3.org/1999/xhtml" xml:lang="en" lang="en">
 <head>
  <title>
</title>
<meta http-equiv="Content-Type" content="text/html;charset=utf-8" />
  <meta name='ocr-system' content='tesseract 3.04.00' />
  <meta name='ocr-capabilities' content='ocr_page ocr_carea ocr_par ocr_line ocrx_word'/>
</head>
<body>
  <div class='ocr_page' id='page_1' title='image "./devocabulisanti00junggoog_0119.png"; bbox 0 0 3044 4926; ppageno 0'>
   <div class='ocr_carea' id='block_1_1' title="bbox 243 327 917 403">
    <p class='ocr_par' dir='ltr' id='par_1_1' title="bbox 243 327 917 403">
     <span class='ocr_line' id='line_1_1' title="bbox 243 327 917 403; baseline -0.001 -13"><span class='ocrx_word' id='word_1_1' title='bbox 243 327 285 390; x_wconf 85' lang='grc'>82</span> <span class='ocrx_word' id='word_1_2' title='bbox 608 331 917 403; x_wconf 76' lang='grc' dir='ltr'><strong><em>Διαλεπτολογοῦμαι.</em></strong></span> 
     </span>
    </p>
   </div>
   <div class='ocr_carea' id='block_1_2' title="bbox 241 566 1284 673">
    <p class='ocr_par' dir='ltr' id='par_1_2' title="bbox 241 566 1284 673">
     <span class='ocr_line' id='line_1_2' title="bbox 241 566 1284 673; baseline 0.002 -40"><span class='ocrx_word' id='word_1_3' title='bbox 241 566 445 673; x_wconf 67' lang='grc' dir='ltr'><strong><em>διαλέχσσθαι,</em></strong></span> <span class='ocrx_word' id='word_1_4' title='bbox 478 572 495 643; x_wconf 79' lang='lat' dir='ltr'>i</span> <span class='ocrx_word' id='word_1_5' title='bbox 526 568 711 647; x_wconf 76' lang='grc' dir='ltr'><strong><em>διαλεκτική,</em></strong></span> <span class='ocrx_word' id='word_1_6' title='bbox 741 569 828 657; x_wconf 89' lang='lat' dir='ltr'>apud</span> <span class='ocrx_word' id='word_1_7' title='bbox 851 569 1108 657; x_wconf 82' lang='lat' dir='ltr'><strong>Aristophanem</strong></span> <span class='ocrx_word' id='word_1_8' title='bbox 1134 570 1170 635; x_wconf 89' lang='lat' dir='ltr'>in</span> <span class='ocrx_word' id='word_1_9' title='bbox 1195 568 1284 635; x_wconf 84' lang='lat' dir='ltr'>Nub.</span> 
     </span>
    </p>
   </div>
   <div class='ocr_carea' id='block_1_3' title="bbox 199 688 1287 4427">
    <p class='ocr_par' dir='ltr' id='par_1_3' title="bbox 241 688 1287 1507">
     <span class='ocr_line' id='line_1_3' title="bbox 241 688 1285 775; baseline 0 -19"><span class='ocrx_word' id='word_1_10' title='bbox 241 713 272 756; x_wconf 83' lang='lat' dir='ltr'>v.</span> <span class='ocrx_word' id='word_1_11' title='bbox 298 692 378 755; x_wconf 72' lang='lat'>317:</span> <span class='ocrx_word' id='word_1_12' title='bbox 411 691 549 775; x_wconf 79' lang='grc' dir='ltr'><strong><em>Νεφέλαι</em></strong></span> <span class='ocrx_word' id='word_1_13' title='bbox 574 688 658 771; x_wconf 73' lang='grc' dir='ltr'><strong><em>αἵπερ</em></strong></span> <span class='ocrx_word' id='word_1_14' title='bbox 682 691 800 769; x_wconf 74' lang='grc' dir='ltr'><em>γνώμην</em></span> <span class='ocrx_word' id='word_1_15' title='bbox 825 691 875 756; x_wconf 73' lang='grc' dir='ltr'>καὶ</span> <span class='ocrx_word' id='word_1_16' title='bbox 899 689 1025 768; x_wconf 76' lang='grc' dir='ltr'><strong><em>διοίλεξιν</em></strong></span> <span class='ocrx_word' id='word_1_17' title='bbox 1049 693 1098 757; x_wconf 76' lang='grc' dir='ltr'>καὶ</span> <span class='ocrx_word' id='word_1_18' title='bbox 1125 697 1189 758; x_wconf 79' lang='grc' dir='ltr'>νοῦν</span> <span class='ocrx_word' id='word_1_19' title='bbox 1213 694 1285 771; x_wconf 69' lang='grc' dir='ltr'>ἡμῖν</span> 
     </span>
     <span class='ocr_line' id='line_1_4' title="bbox 241 808 1287 900; baseline 0.004 -25"><span class='ocrx_word' id='word_1_20' title='bbox 241 808 411 892; x_wconf 72' lang='grc' dir='ltr'><em>παρέχουσι.</em></span> <span class='ocrx_word' id='word_1_21' title='bbox 443 809 582 888; x_wconf 72' lang='grc' dir='ltr'><strong><em>Διαλεξις</em></strong></span> <span class='ocrx_word' id='word_1_22' title='bbox 612 817 722 878; x_wconf 91' lang='lat' dir='ltr'>autem</span> <span class='ocrx_word' id='word_1_23' title='bbox 747 811 834 899; x_wconf 86' lang='lat' dir='ltr'>apud</span> <span class='ocrx_word' id='word_1_24' title='bbox 859 813 944 878; x_wconf 90' lang='lat' dir='ltr'>Plat.</span> <span class='ocrx_word' id='word_1_25' title='bbox 970 813 1030 900; x_wconf 81' lang='lat' dir='ltr'>up.</span> <span class='ocrx_word' id='word_1_26' title='bbox 1058 815 1088 881; x_wconf 77' lang='lat'>7.</span> <span class='ocrx_word' id='word_1_27' title='bbox 1114 812 1287 881; x_wconf 72' lang='lat' dir='ltr'>euocet</span> 
     </span>
     <span class='ocr_line' id='line_1_5' title="bbox 242 931 1286 1021; baseline 0.002 -24"><span class='ocrx_word' id='word_1_28' title='bbox 242 933 330 1000; x_wconf 85' lang='lat' dir='ltr'>Plut.</span> <span class='ocrx_word' id='word_1_29' title='bbox 362 933 443 998; x_wconf 87' lang='lat' dir='ltr'>Mor.</span> <span class='ocrx_word' id='word_1_30' title='bbox 475 936 539 999; x_wconf 79' lang='grc'>778</span> <span class='ocrx_word' id='word_1_31' title='bbox 563 935 584 1000; x_wconf 94' lang='lat' dir='ltr'>b</span> <span class='ocrx_word' id='word_1_32' title='bbox 609 938 659 999; x_wconf 89' lang='lat' dir='ltr'>est</span> <span class='ocrx_word' id='word_1_33' title='bbox 686 931 915 1021; x_wconf 85' lang='lat' dir='ltr'>„disputatio’&#39;,</span> <span class='ocrx_word' id='word_1_34' title='bbox 940 933 1026 1021; x_wconf 90' lang='lat' dir='ltr'>apud</span> <span class='ocrx_word' id='word_1_35' title='bbox 1051 933 1286 1021; x_wconf 83' lang='lat' dir='ltr'>grammaticos</span> 
     </span>
     <span class='ocr_line' id='line_1_6' title="bbox 242 1053 1284 1140; baseline 0.001 -19"><span class='ocrx_word' id='word_1_36' title='bbox 242 1062 275 1121; x_wconf 88' lang='lat' dir='ltr'>et</span> <span class='ocrx_word' id='word_1_37' title='bbox 299 1055 362 1120; x_wconf 91' lang='lat' dir='ltr'>Dio</span> <span class='ocrx_word' id='word_1_38' title='bbox 386 1055 423 1121; x_wconf 84' lang='lat' dir='ltr'>O.</span> <span class='ocrx_word' id='word_1_39' title='bbox 448 1056 514 1140; x_wconf 85' lang='lat'>(60.</span> <span class='ocrx_word' id='word_1_40' title='bbox 544 1056 598 1140; x_wconf 78' lang='lat'>17)</span> <span class='ocrx_word' id='word_1_41' title='bbox 623 1056 722 1121; x_wconf 90' lang='lat' dir='ltr'>etiam</span> <span class='ocrx_word' id='word_1_42' title='bbox 748 1087 788 1111; x_wconf 93' lang='lat'><strong><em>=</em></strong></span> <span class='ocrx_word' id='word_1_43' title='bbox 813 1055 974 1127; x_wconf 70' lang='grc' dir='ltr'><strong><em>διάλεκτος.</em></strong></span> <span class='ocrx_word' id='word_1_44' title='bbox 997 1053 1074 1121; x_wconf 79' lang='lat' dir='ltr'>Adi.</span> <span class='ocrx_word' id='word_1_45' title='bbox 1098 1054 1284 1129; x_wconf 67' lang='lat' dir='ltr'>iratissimis</span> 
     </span>
     <span class='ocr_line' id='line_1_7' title="bbox 243 1173 1284 1264; baseline 0.001 -23"><span class='ocrx_word' id='word_1_46' title='bbox 243 1175 306 1260; x_wconf 85' lang='lat' dir='ltr'>„ad</span> <span class='ocrx_word' id='word_1_47' title='bbox 338 1174 570 1263; x_wconf 86' lang='lat' dir='ltr'>disputandum</span> <span class='ocrx_word' id='word_1_48' title='bbox 602 1181 716 1263; x_wconf 85' lang='lat' dir='ltr'>aptus,</span> <span class='ocrx_word' id='word_1_49' title='bbox 750 1175 932 1241; x_wconf 88' lang='lat' dir='ltr'>disserendi</span> <span class='ocrx_word' id='word_1_50' title='bbox 959 1173 1103 1264; x_wconf 88' lang='lat' dir='ltr'>peritus&#39;’</span> <span class='ocrx_word' id='word_1_51' title='bbox 1128 1175 1168 1241; x_wconf 83' lang='lat' dir='ltr'>ci.</span> <span class='ocrx_word' id='word_1_52' title='bbox 1195 1176 1284 1244; x_wconf 91' lang='lat' dir='ltr'>Plat.</span> 
     </span>
     <span class='ocr_line' id='line_1_8' title="bbox 243 1297 1283 1364; baseline -0.002 0"><span class='ocrx_word' id='word_1_53' title='bbox 243 1298 332 1364; x_wconf 81' lang='lat' dir='ltr'>Crat.</span> <span class='ocrx_word' id='word_1_54' title='bbox 365 1299 429 1362; x_wconf 87' lang='lat'>398</span> <span class='ocrx_word' id='word_1_55' title='bbox 454 1297 486 1364; x_wconf 89' lang='lat' dir='ltr'>d.</span> <span class='ocrx_word' id='word_1_56' title='bbox 517 1298 614 1363; x_wconf 92' lang='lat' dir='ltr'>Polit.</span> <span class='ocrx_word' id='word_1_57' title='bbox 646 1299 710 1363; x_wconf 82' lang='grc'>287</span> <span class='ocrx_word' id='word_1_58' title='bbox 736 1319 764 1362; x_wconf 90' lang='lat' dir='ltr'>a.</span> <span class='ocrx_word' id='word_1_59' title='bbox 796 1298 881 1363; x_wconf 91' lang='lat' dir='ltr'>Xen.</span> <span class='ocrx_word' id='word_1_60' title='bbox 914 1297 1013 1363; x_wconf 87' lang='lat' dir='ltr'>Mem.</span> <span class='ocrx_word' id='word_1_61' title='bbox 1048 1299 1080 1360; x_wconf 91' lang='grc'>4.</span> <span class='ocrx_word' id='word_1_62' title='bbox 1105 1298 1135 1362; x_wconf 86' lang='grc'><strong>5.</strong></span> <span class='ocrx_word' id='word_1_63' title='bbox 1162 1297 1215 1362; x_wconf 88' lang='grc'><strong>12.</strong></span> <span class='ocrx_word' id='word_1_64' title='bbox 1242 1334 1283 1347; x_wconf 89' lang='grc'><strong>-</strong></span> 
     </span>
     <span class='ocr_line' id='line_1_9' title="bbox 243 1417 589 1507; baseline -0.012 -21"><span class='ocrx_word' id='word_1_65' title='bbox 243 1419 329 1486; x_wconf 86' lang='lat' dir='ltr'>Vide</span> <span class='ocrx_word' id='word_1_66' title='bbox 352 1417 454 1507; x_wconf 89' lang='lat' dir='ltr'>praes.</span> <span class='ocrx_word' id='word_1_67' title='bbox 478 1421 496 1504; x_wconf 64' lang='grc' dir='ltr'>ἓ</span> <span class='ocrx_word' id='word_1_68' title='bbox 520 1418 589 1496; x_wconf 75' lang='lat' dir='ltr'>ae.</span> 
     </span>
    </p>

    <p class='ocr_par' dir='ltr' id='par_1_4' title="bbox 199 1536 1284 2349">
     <span class='ocr_line' id='line_1_10' title="bbox 286 1536 1284 1626; baseline -0.003 -21"><span class='ocrx_word' id='word_1_69' title='bbox 286 1542 642 1619; x_wconf 72' lang='grc' dir='ltr'><strong><em>διαλεπτολογοῦμαι</em></strong></span> <span class='ocrx_word' id='word_1_70' title='bbox 683 1544 816 1625; x_wconf 78' lang='lat' dir='ltr'>„argute</span> <span class='ocrx_word' id='word_1_71' title='bbox 853 1536 1006 1624; x_wconf 89' lang='lat' dir='ltr'>disputo”</span> <span class='ocrx_word' id='word_1_72' title='bbox 1037 1537 1164 1624; x_wconf 82' lang='lat' dir='ltr'>legitur</span> <span class='ocrx_word' id='word_1_73' title='bbox 1194 1536 1284 1626; x_wconf 88' lang='lat' dir='ltr'>apud</span> 
     </span>
     <span class='ocr_line' id='line_1_11' title="bbox 240 1660 1283 1751; baseline -0.004 -22"><span class='ocrx_word' id='word_1_74' title='bbox 240 1663 498 1751; x_wconf 79' lang='lat' dir='ltr'><strong>Aristophanem</strong></span> <span class='ocrx_word' id='word_1_75' title='bbox 528 1663 564 1727; x_wconf 90' lang='lat' dir='ltr'>in</span> <span class='ocrx_word' id='word_1_76' title='bbox 594 1661 680 1727; x_wconf 84' lang='lat' dir='ltr'>Nub.</span> <span class='ocrx_word' id='word_1_77' title='bbox 714 1683 744 1727; x_wconf 84' lang='lat' dir='ltr'>v.</span> <span class='ocrx_word' id='word_1_78' title='bbox 773 1662 875 1727; x_wconf 85' lang='lat'>1496:</span> <span class='ocrx_word' id='word_1_79' title='bbox 899 1660 1189 1738; x_wconf 69' lang='grc' dir='ltr'>διαλεπτολογοῦμαι</span> <span class='ocrx_word' id='word_1_80' title='bbox 1215 1666 1283 1733; x_wconf 79' lang='grc' dir='ltr'><strong><em>ταῖς</em></strong></span> 
     </span>
     <span class='ocr_line' id='line_1_12' title="bbox 240 1779 1281 1867; baseline -0.002 -19"><span class='ocrx_word' id='word_1_81' title='bbox 240 1783 329 1856; x_wconf 78' lang='grc' dir='ltr'><strong><em>δοκοῖς</em></strong></span> <span class='ocrx_word' id='word_1_82' title='bbox 360 1793 412 1858; x_wconf 79' lang='grc' dir='ltr'>τῆς</span> <span class='ocrx_word' id='word_1_83' title='bbox 444 1783 544 1856; x_wconf 73' lang='grc' dir='ltr'>οἰκίας.</span> <span class='ocrx_word' id='word_1_84' title='bbox 576 1788 777 1859; x_wconf 77' lang='grc' dir='ltr'><strong><em>Λεπτολοχεῖν</em></strong></span> <span class='ocrx_word' id='word_1_85' title='bbox 810 1781 977 1847; x_wconf 85' lang='lat' dir='ltr'>invenitur</span> <span class='ocrx_word' id='word_1_86' title='bbox 999 1779 1086 1867; x_wconf 90' lang='lat' dir='ltr'>apud</span> <span class='ocrx_word' id='word_1_87' title='bbox 1109 1779 1169 1846; x_wconf 85' lang='lat' dir='ltr'>Ar.</span> <span class='ocrx_word' id='word_1_88' title='bbox 1193 1780 1281 1846; x_wconf 86' lang='lat' dir='ltr'>Nub.</span> 
     </span>
     <span class='ocr_line' id='line_1_13' title="bbox 241 1890 1284 1984; baseline -0.003 -16"><span class='ocrx_word' id='word_1_89' title='bbox 241 1906 315 1969; x_wconf 85' lang='grc'><strong>320.</strong></span> <span class='ocrx_word' id='word_1_90' title='bbox 349 1904 427 1970; x_wconf 89' lang='lat' dir='ltr'>Luc.</span> <span class='ocrx_word' id='word_1_91' title='bbox 459 1902 626 1969; x_wconf 86' lang='lat' dir='ltr'>Prometh.</span> <span class='ocrx_word' id='word_1_92' title='bbox 662 1904 692 1968; x_wconf 86' lang='lat'>6.</span> <span class='ocrx_word' id='word_1_93' title='bbox 726 1890 767 1969; x_wconf 87' lang='lat' dir='ltr'>D.</span> <span class='ocrx_word' id='word_1_94' title='bbox 800 1902 889 1967; x_wconf 82' lang='lat' dir='ltr'>Cass.</span> <span class='ocrx_word' id='word_1_95' title='bbox 923 1902 976 1968; x_wconf 86' lang='lat'>55.</span> <span class='ocrx_word' id='word_1_96' title='bbox 1005 1901 1066 1984; x_wconf 86' lang='grc'>28,</span> <span class='ocrx_word' id='word_1_97' title='bbox 1092 1915 1284 1966; x_wconf 81' lang='grc' dir='ltr'><strong><em>καταλεπτο·</em></strong></span> 
     </span>
     <span class='ocr_line' id='line_1_14' title="bbox 241 2022 1280 2102; baseline 0 -14"><span class='ocrx_word' id='word_1_98' title='bbox 241 2029 340 2101; x_wconf 78' lang='grc' dir='ltr'><strong><em>λαχεῖν</em></strong></span> <span class='ocrx_word' id='word_1_99' title='bbox 374 2025 459 2089; x_wconf 90' lang='lat' dir='ltr'>Ran.</span> <span class='ocrx_word' id='word_1_100' title='bbox 496 2025 570 2088; x_wconf 91' lang='grc'><strong>828.</strong></span> <span class='ocrx_word' id='word_1_101' title='bbox 607 2022 657 2091; x_wconf 79' lang='lat' dir='ltr'>Of.</span> <span class='ocrx_word' id='word_1_102' title='bbox 689 2023 970 2102; x_wconf 78' lang='grc' dir='ltr'><strong><em>διαμικοολοχεῖσθαι</em></strong></span> <span class='ocrx_word' id='word_1_103' title='bbox 1003 2022 1092 2089; x_wconf 88' lang='lat' dir='ltr'>Plut.</span> <span class='ocrx_word' id='word_1_104' title='bbox 1125 2022 1193 2089; x_wconf 82' lang='lat' dir='ltr'>Sol.</span> <span class='ocrx_word' id='word_1_105' title='bbox 1227 2024 1280 2088; x_wconf 83' lang='lat'>30.</span> 
     </span>
     <span class='ocr_line' id='line_1_15' title="bbox 199 2144 1280 2234; baseline -0.003 -22"><span class='ocrx_word' id='word_1_106' title='bbox 199 2192 204 2202; x_wconf 75' lang='lat'><em>-</em></span> <span class='ocrx_word' id='word_1_107' title='bbox 241 2146 466 2234; x_wconf 79' lang='lat' dir='ltr'>Compositum</span> <span class='ocrx_word' id='word_1_108' title='bbox 491 2152 541 2211; x_wconf 90' lang='lat' dir='ltr'>est</span> <span class='ocrx_word' id='word_1_109' title='bbox 564 2147 852 2224; x_wconf 69' lang='grc' dir='ltr'>διαλεπτολογοῦμαι</span> <span class='ocrx_word' id='word_1_110' title='bbox 876 2166 895 2211; x_wconf 89' lang='lat' dir='ltr'>e</span> <span class='ocrx_word' id='word_1_111' title='bbox 920 2144 1018 2210; x_wconf 88' lang='lat' dir='ltr'>verbo</span> <span class='ocrx_word' id='word_1_112' title='bbox 1042 2144 1222 2223; x_wconf 72' lang='grc' dir='ltr'><strong><em>διαλέγομαι</em></strong></span> <span class='ocrx_word' id='word_1_113' title='bbox 1246 2149 1280 2212; x_wconf 83' lang='lat' dir='ltr'>et</span> 
     </span>
     <span class='ocr_line' id='line_1_16' title="bbox 242 2269 978 2349; baseline -0.001 -14"><span class='ocrx_word' id='word_1_114' title='bbox 242 2269 396 2335; x_wconf 86' lang='lat' dir='ltr'>adverbio</span> <span class='ocrx_word' id='word_1_115' title='bbox 420 2275 545 2342; x_wconf 83' lang='grc' dir='ltr'><strong><em>λεπτῶς.</em></strong></span> <span class='ocrx_word' id='word_1_116' title='bbox 571 2269 658 2335; x_wconf 84' lang='lat' dir='ltr'><strong>Vide</strong></span> <span class='ocrx_word' id='word_1_117' title='bbox 681 2269 723 2335; x_wconf 91' lang='lat' dir='ltr'>ad</span> <span class='ocrx_word' id='word_1_118' title='bbox 746 2269 978 2349; x_wconf 74' lang='grc' dir='ltr'>βαρυδαιμονεῖν.</span> 
     </span>
    </p>

    <p class='ocr_par' dir='ltr' id='par_1_5' title="bbox 239 2388 1282 3204">
     <span class='ocr_line' id='line_1_17' title="bbox 286 2388 1281 2478; baseline -0.001 -24"><span class='ocrx_word' id='word_1_119' title='bbox 286 2392 464 2472; x_wconf 81' lang='grc' dir='ltr'><strong><em>διαλφιτῶ</em></strong></span> <span class='ocrx_word' id='word_1_120' title='bbox 501 2391 624 2473; x_wconf 89' lang='lat' dir='ltr'>„farina</span> <span class='ocrx_word' id='word_1_121' title='bbox 651 2390 850 2478; x_wconf 87' lang='lat' dir='ltr'>conspergo&#39;&#39;</span> <span class='ocrx_word' id='word_1_122' title='bbox 881 2390 1002 2477; x_wconf 84' lang='lat' dir='ltr'>legitur</span> <span class='ocrx_word' id='word_1_123' title='bbox 1033 2388 1122 2478; x_wconf 88' lang='lat' dir='ltr'>apud</span> <span class='ocrx_word' id='word_1_124' title='bbox 1152 2388 1281 2455; x_wconf 85' lang='lat' dir='ltr'>Aristo·</span> 
     </span>
     <span class='ocr_line' id='line_1_18' title="bbox 242 2510 1281 2609; baseline -0.001 -32"><span class='ocrx_word' id='word_1_125' title='bbox 242 2513 383 2600; x_wconf 90' lang='lat' dir='ltr'>phanem</span> <span class='ocrx_word' id='word_1_126' title='bbox 417 2513 451 2576; x_wconf 91' lang='lat' dir='ltr'>in</span> <span class='ocrx_word' id='word_1_127' title='bbox 487 2512 573 2577; x_wconf 88' lang='lat' dir='ltr'>Nub.</span> <span class='ocrx_word' id='word_1_128' title='bbox 608 2535 640 2580; x_wconf 83' lang='grc' dir='ltr'>ν.</span> <span class='ocrx_word' id='word_1_129' title='bbox 677 2515 759 2579; x_wconf 86' lang='grc'>669;</span> <span class='ocrx_word' id='word_1_130' title='bbox 796 2512 982 2593; x_wconf 78' lang='grc' dir='ltr'><strong><em>διαλφιτώσω</em></strong></span> <span class='ocrx_word' id='word_1_131' title='bbox 1010 2535 1068 2609; x_wconf 89' lang='grc' dir='ltr'>Ισου</span> <span class='ocrx_word' id='word_1_132' title='bbox 1098 2510 1198 2591; x_wconf 80' lang='grc' dir='ltr'><strong><em>κύκλῳ</em></strong></span> <span class='ocrx_word' id='word_1_133' title='bbox 1229 2511 1281 2585; x_wconf 65' lang='grc' dir='ltr'>τὴν</span> 
     </span>
     <span class='ocr_line' id='line_1_19' title="bbox 241 2632 1282 2716; baseline -0.001 -17"><span class='ocrx_word' id='word_1_134' title='bbox 241 2634 389 2715; x_wconf 71' lang='grc' dir='ltr'>κάρδοπον.</span> <span class='ocrx_word' id='word_1_135' title='bbox 422 2634 469 2700; x_wconf 80' lang='lat' dir='ltr'>cf.</span> <span class='ocrx_word' id='word_1_136' title='bbox 503 2632 689 2716; x_wconf 77' lang='grc' dir='ltr'><strong><em>ἕπαλφιτίζω</em></strong></span> <span class='ocrx_word' id='word_1_137' title='bbox 722 2633 800 2698; x_wconf 84' lang='lat' dir='ltr'>Ath.</span> <span class='ocrx_word' id='word_1_138' title='bbox 835 2636 884 2698; x_wconf 89' lang='grc'>10.</span> <span class='ocrx_word' id='word_1_139' title='bbox 918 2634 984 2698; x_wconf 83' lang='grc'>432</span> <span class='ocrx_word' id='word_1_140' title='bbox 1000 2634 1033 2699; x_wconf 90' lang='lat' dir='ltr'>b.</span> <span class='ocrx_word' id='word_1_141' title='bbox 1059 2632 1201 2716; x_wconf 52' lang='lat' dir='ltr'>(Schola</span> <span class='ocrx_word' id='word_1_142' title='bbox 1225 2634 1282 2698; x_wconf 86' lang='grc' dir='ltr'><strong><em>α’λ·</em></strong></span> 
     </span>
     <span class='ocr_line' id='line_1_20' title="bbox 240 2753 1281 2842; baseline 0.002 -23"><span class='ocrx_word' id='word_1_143' title='bbox 240 2755 334 2838; x_wconf 80' lang='grc' dir='ltr'><strong><em>φίσον</em></strong></span> <span class='ocrx_word' id='word_1_144' title='bbox 357 2753 508 2841; x_wconf 73' lang='grc' dir='ltr'>πληροῦν).</span> <span class='ocrx_word' id='word_1_145' title='bbox 533 2755 573 2819; x_wconf 94' lang='lat' dir='ltr'>In</span> <span class='ocrx_word' id='word_1_146' title='bbox 597 2755 838 2842; x_wconf 82' lang='lat' dir='ltr'>praepositione</span> <span class='ocrx_word' id='word_1_147' title='bbox 863 2755 923 2819; x_wconf 86' lang='grc' dir='ltr'><strong><em>δια·</em></strong></span> <span class='ocrx_word' id='word_1_148' title='bbox 952 2754 1147 2840; x_wconf 85' lang='lat' dir='ltr'>significatio</span> <span class='ocrx_word' id='word_1_149' title='bbox 1172 2755 1281 2821; x_wconf 85' lang='lat' dir='ltr'>inesse</span> 
     </span>
     <span class='ocr_line' id='line_1_21' title="bbox 241 2874 1282 2963; baseline -0.001 -22"><span class='ocrx_word' id='word_1_150' title='bbox 241 2875 372 2942; x_wconf 86' lang='lat' dir='ltr'>videtur</span> <span class='ocrx_word' id='word_1_151' title='bbox 398 2875 579 2962; x_wconf 87' lang='lat' dir='ltr'>„prorsus&#39;’.</span> <span class='ocrx_word' id='word_1_152' title='bbox 614 2876 761 2963; x_wconf 82' lang='lat' dir='ltr'>Simplex</span> <span class='ocrx_word' id='word_1_153' title='bbox 783 2876 902 2957; x_wconf 74' lang='grc' dir='ltr'><strong><em>ἄλφιτῶ</em></strong></span> <span class='ocrx_word' id='word_1_154' title='bbox 927 2895 994 2939; x_wconf 92' lang='lat' dir='ltr'>non</span> <span class='ocrx_word' id='word_1_155' title='bbox 1015 2874 1196 2940; x_wconf 86' lang='lat' dir='ltr'>invenitur.</span> <span class='ocrx_word' id='word_1_156' title='bbox 1230 2874 1282 2940; x_wconf 88' lang='lat' dir='ltr'>De</span> 
     </span>
     <span class='ocr_line' id='line_1_22' title="bbox 241 2996 1280 3086; baseline -0.001 -22"><span class='ocrx_word' id='word_1_157' title='bbox 241 2998 475 3086; x_wconf 82' lang='lat' dir='ltr'>compositione</span> <span class='ocrx_word' id='word_1_158' title='bbox 507 2999 544 3063; x_wconf 87' lang='lat' dir='ltr'>cf.</span> <span class='ocrx_word' id='word_1_159' title='bbox 573 2997 743 3080; x_wconf 83' lang='grc' dir='ltr'><strong><em>ἕκκαολίζω.</em></strong></span> <span class='ocrx_word' id='word_1_160' title='bbox 777 3000 841 3064; x_wconf 85' lang='grc' dir='ltr'>Ηίο</span> <span class='ocrx_word' id='word_1_161' title='bbox 866 3000 951 3065; x_wconf 93' lang='lat' dir='ltr'>inest</span> <span class='ocrx_word' id='word_1_162' title='bbox 975 2999 1058 3065; x_wconf 89' lang='lat' dir='ltr'>ratio</span> <span class='ocrx_word' id='word_1_163' title='bbox 1084 2996 1189 3064; x_wconf 81' lang='lat' dir='ltr'>dativi</span> <span class='ocrx_word' id='word_1_164' title='bbox 1212 2998 1280 3083; x_wconf 77' lang='lat' dir='ltr'>(ala-</span> 
     </span>
     <span class='ocr_line' id='line_1_23' title="bbox 239 3119 536 3204; baseline -0.003 -18"><span class='ocrx_word' id='word_1_165' title='bbox 239 3122 335 3203; x_wconf 82' lang='grc' dir='ltr'><strong><em>Φίτοις</em></strong></span> <span class='ocrx_word' id='word_1_166' title='bbox 358 3119 536 3204; x_wconf 75' lang='grc' dir='ltr'><strong><em>διαπασσο).</em></strong></span> 
     </span>
    </p>

    <p class='ocr_par' dir='ltr' id='par_1_6' title="bbox 240 3236 1286 4427">
     <span class='ocr_line' id='line_1_24' title="bbox 285 3236 1285 3327; baseline 0 -21"><span class='ocrx_word' id='word_1_167' title='bbox 285 3239 564 3321; x_wconf 80' lang='grc' dir='ltr'><strong><em>διαμασχαλίζω</em></strong></span> <span class='ocrx_word' id='word_1_168' title='bbox 610 3239 822 3327; x_wconf 81' lang='lat' dir='ltr'>„suffarcino”</span> <span class='ocrx_word' id='word_1_169' title='bbox 869 3241 990 3326; x_wconf 82' lang='lat' dir='ltr'>legitur</span> <span class='ocrx_word' id='word_1_170' title='bbox 1028 3236 1115 3327; x_wconf 83' lang='lat' dir='ltr'>apud</span> <span class='ocrx_word' id='word_1_171' title='bbox 1153 3239 1285 3306; x_wconf 87' lang='lat' dir='ltr'>Aristo·</span> 
     </span>
     <span class='ocr_line' id='line_1_25' title="bbox 240 3358 1284 3452; baseline -0.005 -23"><span class='ocrx_word' id='word_1_172' title='bbox 240 3365 381 3452; x_wconf 91' lang='lat' dir='ltr'>phanem</span> <span class='ocrx_word' id='word_1_173' title='bbox 405 3363 440 3427; x_wconf 92' lang='lat' dir='ltr'>in</span> <span class='ocrx_word' id='word_1_174' title='bbox 463 3362 500 3427; x_wconf 87' lang='lat' dir='ltr'>fr.</span> <span class='ocrx_word' id='word_1_175' title='bbox 526 3364 606 3427; x_wconf 80' lang='lat'>253:</span> <span class='ocrx_word' id='word_1_176' title='bbox 630 3365 643 3427; x_wconf 80' lang='grc' dir='ltr'>ὁ</span> <span class='ocrx_word' id='word_1_177' title='bbox 667 3362 751 3443; x_wconf 81' lang='grc' dir='ltr'><strong><em>χορὸς</em></strong></span> <span class='ocrx_word' id='word_1_178' title='bbox 776 3362 800 3426; x_wconf 86' lang='grc' dir='ltr'>δ’</span> <span class='ocrx_word' id='word_1_179' title='bbox 824 3360 940 3442; x_wconf 81' lang='grc' dir='ltr'><strong><em>ὠρχεῖτ’</em></strong></span> <span class='ocrx_word' id='word_1_180' title='bbox 968 3358 1004 3425; x_wconf 69' lang='grc' dir='ltr'>δον</span> <span class='ocrx_word' id='word_1_181' title='bbox 1027 3359 1284 3440; x_wconf 69' lang='grc' dir='ltr'><strong><em>διαμασχαλίσας</em></strong></span> 
     </span>
     <span class='ocr_line' id='line_1_26' title="bbox 240 3481 1286 3569; baseline -0.002 -20"><span class='ocrx_word' id='word_1_182' title='bbox 240 3485 327 3551; x_wconf 75' lang='grc' dir='ltr'><strong><em>αὑτὸν</em></strong></span> <span class='ocrx_word' id='word_1_183' title='bbox 365 3484 500 3565; x_wconf 69' lang='grc' dir='ltr'><strong><em>σχελίσιν</em></strong></span> <span class='ocrx_word' id='word_1_184' title='bbox 539 3482 587 3547; x_wconf 69' lang='grc' dir='ltr'>καὶ</span> <span class='ocrx_word' id='word_1_185' title='bbox 628 3484 757 3564; x_wconf 66' lang='lat' dir='ltr'>occaso</span> <span class='ocrx_word' id='word_1_186' title='bbox 793 3482 842 3547; x_wconf 76' lang='lat' dir='ltr'>sal</span> <span class='ocrx_word' id='word_1_187' title='bbox 880 3487 1046 3564; x_wconf 82' lang='grc' dir='ltr'>ῥαφανῖσιν.</span> <span class='ocrx_word' id='word_1_188' title='bbox 1099 3481 1286 3569; x_wconf 74' lang='lat' dir='ltr'>„Loquitur</span> 
     </span>
     <span class='ocr_line' id='line_1_27' title="bbox 240 3602 1285 3696; baseline -0.002 -23"><span class='ocrx_word' id='word_1_189' title='bbox 240 3613 339 3696; x_wconf 90' lang='lat' dir='ltr'>poeta</span> <span class='ocrx_word' id='word_1_190' title='bbox 363 3604 403 3671; x_wconf 91' lang='lat' dir='ltr'>de</span> <span class='ocrx_word' id='word_1_191' title='bbox 428 3604 673 3692; x_wconf 80' lang='lat' dir='ltr'>antiquissimae</span> <span class='ocrx_word' id='word_1_192' title='bbox 698 3603 885 3670; x_wconf 87' lang='lat' dir='ltr'>comoediae</span> <span class='ocrx_word' id='word_1_193' title='bbox 910 3603 1091 3687; x_wconf 80' lang='lat' dir='ltr'>charontis,</span> <span class='ocrx_word' id='word_1_194' title='bbox 1116 3602 1173 3690; x_wconf 87' lang='lat' dir='ltr'>qui</span> <span class='ocrx_word' id='word_1_195' title='bbox 1197 3624 1285 3690; x_wconf 83' lang='lat' dir='ltr'>quae</span> 
     </span>
     <span class='ocr_line' id='line_1_28' title="bbox 241 3726 1284 3814; baseline -0.002 -21"><span class='ocrx_word' id='word_1_196' title='bbox 241 3752 260 3794; x_wconf 85' lang='lat' dir='ltr'>a</span> <span class='ocrx_word' id='word_1_197' title='bbox 292 3729 431 3814; x_wconf 86' lang='lat' dir='ltr'>chorego</span> <span class='ocrx_word' id='word_1_198' title='bbox 464 3727 667 3814; x_wconf 79' lang='lat' dir='ltr'>accepissent</span> <span class='ocrx_word' id='word_1_199' title='bbox 700 3747 740 3791; x_wconf 88' lang='lat' dir='ltr'>ea</span> <span class='ocrx_word' id='word_1_200' title='bbox 770 3747 811 3791; x_wconf 90' lang='lat' dir='ltr'>ne</span> <span class='ocrx_word' id='word_1_201' title='bbox 836 3726 897 3791; x_wconf 92' lang='lat' dir='ltr'>sibi</span> <span class='ocrx_word' id='word_1_202' title='bbox 922 3726 1146 3791; x_wconf 86' lang='lat' dir='ltr'>adimerentur</span> <span class='ocrx_word' id='word_1_203' title='bbox 1168 3745 1284 3791; x_wconf 86' lang='lat' dir='ltr'>secum</span> 
     </span>
     <span class='ocr_line' id='line_1_29' title="bbox 241 3845 1282 3936; baseline -0.002 -22"><span class='ocrx_word' id='word_1_204' title='bbox 241 3849 417 3936; x_wconf 91' lang='lat' dir='ltr'>portabant</span> <span class='ocrx_word' id='word_1_205' title='bbox 453 3849 551 3913; x_wconf 90' lang='lat' dir='ltr'>etiam</span> <span class='ocrx_word' id='word_1_206' title='bbox 583 3847 762 3914; x_wconf 88' lang='lat' dir='ltr'>saltantes&#39;’</span> <span class='ocrx_word' id='word_1_207' title='bbox 802 3847 921 3932; x_wconf 78' lang='lat' dir='ltr'>(Koclr.</span> <span class='ocrx_word' id='word_1_208' title='bbox 957 3845 1089 3912; x_wconf 88' lang='lat' dir='ltr'>secund.</span> <span class='ocrx_word' id='word_1_209' title='bbox 1120 3845 1282 3913; x_wconf 81' lang='lat' dir='ltr'>Fritascls.</span> 
     </span>
     <span class='ocr_line' id='line_1_30' title="bbox 241 3967 1284 4058; baseline 0 -22"><span class='ocrx_word' id='word_1_210' title='bbox 241 3971 281 4037; x_wconf 90' lang='lat' dir='ltr'>ad</span> <span class='ocrx_word' id='word_1_211' title='bbox 314 3969 511 4056; x_wconf 81' lang='lat' dir='ltr'>Thesmoph.</span> <span class='ocrx_word' id='word_1_212' title='bbox 544 3991 575 4057; x_wconf 93' lang='lat' dir='ltr'>p.</span> <span class='ocrx_word' id='word_1_213' title='bbox 608 3972 708 4050; x_wconf 83' lang='lat'><strong>239.).</strong></span> <span class='ocrx_word' id='word_1_214' title='bbox 742 3970 889 4058; x_wconf 81' lang='lat' dir='ltr'>Simplex</span> <span class='ocrx_word' id='word_1_215' title='bbox 917 3967 1101 4050; x_wconf 75' lang='grc' dir='ltr'><strong><em>μασχαλιζο</em></strong></span> <span class='ocrx_word' id='word_1_216' title='bbox 1127 3974 1178 4034; x_wconf 91' lang='lat' dir='ltr'>est</span> <span class='ocrx_word' id='word_1_217' title='bbox 1205 3990 1284 4051; x_wconf 84' lang='lat' dir='ltr'>„ex-</span> 
     </span>
     <span class='ocr_line' id='line_1_31' title="bbox 241 4089 1283 4179; baseline 0 -21"><span class='ocrx_word' id='word_1_218' title='bbox 241 4100 361 4159; x_wconf 89' lang='lat' dir='ltr'>tremas</span> <span class='ocrx_word' id='word_1_219' title='bbox 385 4092 527 4179; x_wconf 88' lang='lat' dir='ltr'>corporis</span> <span class='ocrx_word' id='word_1_220' title='bbox 552 4098 664 4179; x_wconf 90' lang='lat' dir='ltr'>partes</span> <span class='ocrx_word' id='word_1_221' title='bbox 689 4098 840 4157; x_wconf 86' lang='lat' dir='ltr'>truncare</span> <span class='ocrx_word' id='word_1_222' title='bbox 865 4097 898 4158; x_wconf 91' lang='lat' dir='ltr'>et</span> <span class='ocrx_word' id='word_1_223' title='bbox 924 4092 983 4157; x_wconf 90' lang='lat' dir='ltr'>sub</span> <span class='ocrx_word' id='word_1_224' title='bbox 1002 4089 1110 4155; x_wconf 85' lang='lat' dir='ltr'>axillis</span> <span class='ocrx_word' id='word_1_225' title='bbox 1125 4090 1283 4179; x_wconf 85' lang='lat' dir='ltr'>ponera”‚</span> 
     </span>
     <span class='ocr_line' id='line_1_32' title="bbox 247 4211 1283 4301; baseline 0 -21"><span class='ocrx_word' id='word_1_226' title='bbox 247 4215 366 4280; x_wconf 85' lang='lat' dir='ltr'>Aesch.</span> <span class='ocrx_word' id='word_1_227' title='bbox 399 4214 458 4282; x_wconf 83' lang='lat' dir='ltr'>Oh.</span> <span class='ocrx_word' id='word_1_228' title='bbox 485 4216 560 4280; x_wconf 82' lang='lat'><strong>433.</strong></span> <span class='ocrx_word' id='word_1_229' title='bbox 586 4215 685 4301; x_wconf 77' lang='lat' dir='ltr'>Soph.</span> <span class='ocrx_word' id='word_1_230' title='bbox 711 4214 759 4279; x_wconf 87' lang='grc' dir='ltr'><strong>ΕΙ.</strong></span> <span class='ocrx_word' id='word_1_231' title='bbox 784 4216 860 4282; x_wconf 77' lang='grc'><strong>437.</strong></span> <span class='ocrx_word' id='word_1_232' title='bbox 888 4251 931 4263; x_wconf 91' lang='grc'>-</span> <span class='ocrx_word' id='word_1_233' title='bbox 961 4213 1010 4279; x_wconf 83' lang='lat' dir='ltr'>of.</span> <span class='ocrx_word' id='word_1_234' title='bbox 1037 4211 1175 4301; x_wconf 80' lang='lat' dir='ltr'>praefat.</span> <span class='ocrx_word' id='word_1_235' title='bbox 1203 4214 1223 4298; x_wconf 65' lang='grc' dir='ltr'><strong>ξ</strong></span> <span class='ocrx_word' id='word_1_236' title='bbox 1248 4214 1283 4280; x_wconf 83' lang='grc'><strong>5.</strong></span> 
     </span>
     <span class='ocr_line' id='line_1_33' title="bbox 253 4330 1285 4427; baseline 0.003 -25"><span class='ocrx_word' id='word_1_237' title='bbox 253 4335 329 4402; x_wconf 82' lang='grc' dir='ltr'><strong><em>Ηιιο</em></strong></span> <span class='ocrx_word' id='word_1_238' title='bbox 352 4335 495 4424; x_wconf 86' lang='lat' dir='ltr'>pertinet</span> <span class='ocrx_word' id='word_1_239' title='bbox 519 4335 617 4415; x_wconf 86' lang='lat' dir='ltr'>etiam</span> <span class='ocrx_word' id='word_1_240' title='bbox 641 4336 730 4402; x_wconf 87' lang='lat' dir='ltr'>verb.</span> <span class='ocrx_word' id='word_1_241' title='bbox 754 4334 930 4402; x_wconf 83' lang='grc' dir='ltr'><strong><em>διαπλύνω</em></strong></span> <span class='ocrx_word' id='word_1_242' title='bbox 957 4330 1109 4427; x_wconf 84' lang='lat' dir='ltr'>„perlue”</span> <span class='ocrx_word' id='word_1_243' title='bbox 1123 4354 1177 4425; x_wconf 84' lang='lat' dir='ltr'>ap.</span> <span class='ocrx_word' id='word_1_244' title='bbox 1192 4334 1285 4405; x_wconf 75' lang='lat' dir='ltr'>Aris·</span> 
     </span>
    </p>
   </div>
   <div class='ocr_carea' id='block_1_4' title="bbox 0 0 1527 4926">
    <p class='ocr_par' dir='ltr' id='par_1_7' title="bbox 0 0 1527 4926">
     <span class='ocr_line' id='line_1_34' title="bbox 0 0 1527 4926; baseline 0 0"><span class='ocrx_word' id='word_1_245' title='bbox 0 0 1527 4926; x_wconf 95' lang='lat' dir='ltr'> </span> 
     </span>
    </p>
   </div>
  </div>
 </body>
</html>
