3044 4926
239 370 305 441 2⁷0
593 363 918 445 Πολεμολαμαχαϊκάο.

239 611 402 700 Phyniohi
427 610 480 701 (ir.
505 609 663 701 38-43).
700 612 861 699 Hesych.:
887 611 1059 693 contorpere·
1083 613 1115 676 οὐ
1139 609 1224 689 μόνον
1243 610 1271 673 οἱ

240 735 292 808 τὴν
315 732 390 798 πάαν
412 734 444 797 ἕκ
468 739 517 798 τοῦ
540 733 639 818 σίτου,
658 734 742 799 άλλά
762 733 811 798 καὶ
836 735 888 808 τὴν
911 731 1053 810 καλάμιρν
1070 731 1275 814 ε’κπάλλουοαι,

241 855 290 919 καὶ
312 853 433 920 καθόλου
457 855 489 918 αἱ
512 855 552 919 πά
577 855 646 920 κατ’
661 855 767 937 άγροὺς
784 856 887 932 μισθοῦ
903 853 1106 936 ἐργαζόμεναι.
1131 854 1276 920 Verbum

242 973 339 1056 πιάζοι
371 980 404 1040 et
435 975 537 1040 subet.
570 976 704 1053 ποαομάς
736 981 812 1041 sunt
840 999 890 1064 op.
916 975 1101 1064 Theophr,
1127 973 1277 1053 ποάππριον

246 1097 333 1178 „falx
356 1096 397 1162 ad
421 1097 578 1163 secandas
601 1097 741 1163 herbas”
766 1119 818 1186 ap.
838 1098 922 1163 Poll.
941 1100 970 1163 l.
989 1100 1063 1162 184.
1093 1098 1144 1163 De
1162 1096 1278 1163 formo·

243 1217 333 1283 tione
356 1217 395 1283 cf.
420 1240 444 1283 s.
471 1239 501 1288 v.
525 1218 671 1299 βάππρια.

288 1341 665 1421 πολεμολαμαχαϊκός
697 1341 755 1405 Ar.
789 1339 871 1405 Ach.
900 1341 1002 1406 1080:
1039 1341 1070 1405 id
1104 1338 1278 1419 στράτευμα

244 1462 552 1542 πολεμολαμαχαϊκόν
575 1461 771 1526 adiectivum
793 1465 844 1525 est
859 1460 982 1525 comica
997 1460 1133 1526 licentio
1149 1459 1279 1544 fiotum,

245 1584 296 1648 cui
320 1582 569 1649 fundamentum
593 1581 804 1669 cogitandum
828 1587 879 1647 est
896 1581 1140 1648 substantivum
1156 1595 1281 1660 πολεμο-

245 1701 399 1785 λάμαχος.
438 1704 519 1769 Tres
543 1709 653 1790 partes
677 1703 828 1769 vocabuli
852 1708 929 1768 sunt
953 1702 1101 1790 πόλεμος,
1127 1703 1280 1784 Λάμαχος

247 1830 281 1889 et
310 1825 493 1913 epithetum
524 1826 648 1912 gentile
680 1824 835 1906 Ἀχαϊκδς.
876 1824 1058 1907 Σπράτευμα
1087 1840 1281 1902 πολεμολαμ-

247 1945 376 2027 αχαϊκόν
399 1948 499 2034 igitur
523 1953 573 2014 est
598 1949 762 2015 exercitus
785 1948 949 2014 Achaious
972 1948 1146 2036 pertinens
1162 1946 1203 2013 cd
1221 1948 1283 2013 La·

157 2121 160 2130 .
248 2066 398 2132 mochum
436 2068 637 2134 bellicosum.
689 2069 846 2136 Lamaohi
884 2089 1005 2134 nomen
1040 2089 1060 2132 o
1094 2073 1195 2155 poeto
1224 2087 1282 2155 per

247 2189 355 2253 iocum
378 2189 425 2254 ita
449 2189 673 2277 detorquetur.

294 2320 542 2377 πολιποκοπεῑν
581 2312 664 2395 „cirri
695 2317 745 2378 ποῦ
776 2311 905 2391 λοιδορεῖν
940 2311 989 2377 καὶ
1021 2311 1188 2392 κοιμιρδεῖν”
1219 2308 1282 2377 εἶπε

249 2433 345 2499 Plato
379 2434 417 2498 fr.
455 2436 527 2500 105.
560 2435 609 2500 ef.
643 2435 802 2522 Sannyrio
834 2435 871 2500 fr.
899 2438 936 2518 7,
968 2436 1023 2523 qui
1052 2435 1152 2500 etiem
1175 2434 1274 2500 habet

251 2556 352 2622 subet.
389 2554 636 2623 πολιποκοπάα.
671 2563 876 2623 Πολιτικοπεῖν
912 2579 962 2647 ap.
998 2556 1122 2644 Diphil.
1155 2560 1186 2622 4.
1220 2557 1282 2621 429

251 2678 456 2764 significati.
481 2700 511 2766 q.
538 2678 726 2764 δημοκοπεῖν,
750 2679 825 2744 vide
849 2701 873 2743 s.
899 2702 928 2744 v.
953 2679 1137 2744 δειλοκοπεῖν.

263 2818 268 2829 ’
297 2799 570 2880 πολλαράραοος
598 2800 720 2882 „multa
744 2821 855 2864 emens
879 2822 902 2864 s.
929 2800 1046 2865 emax’'
1073 2799 1133 2888 (H.
1160 2798 1285 2886 Steph.)

252 2921 373 3007 legitur
402 2920 589 2988 Pherecrat.
623 2922 659 2986 fr.
695 2925 772 2987 126:
804 2922 837 2986 πὸ
864 2921 975 2987 παιδίον
1006 2921 1039 2987 οδ
1064 2921 1286 3000 πολλαράραοον

254 3041 332 3106 κάπὸ
356 3047 470 3106 πολλῶν
492 3046 607 3117 πκλιῶν.
632 3042 716 3107 Poll.
743 3045 770 3107 l.
801 3045 857 3108 15:
889 3042 937 3108 πδν
961 3043 989 3108 δὲ
1012 3043 1114 3108 πολλὰ
1137 3044 1286 3121 ὠνούμενον

255 3161 364 3238 ἔξεστιν
386 3164 476 3228 εἰπεῖν
500 3164 734 3244 πολλαράραοον,
758 3163 851 3228 Idem
875 3169 962 3229 esset
983 3164 1113 3230 ὁπολλά
1128 3163 1285 3246 άροράζοιν.

255 3287 306 3351 De
330 3286 564 3375 compositione
588 3285 628 3350 cf.
652 3282 821 3364 άρριοποιάς.
849 3323 890 3333 -
913 3284 999 3350 Vide
1023 3284 1162 3372 praeiet.
1187 3286 1284 3369 §lx

301 3406 556 3479 πολλοδεκάκις
589 3409 645 3474 Ar.
677 3409 753 3472 Pac.
787 3409 851 3472 243
882 3407 1026 3497 pertinet
1057 3405 1099 3472 ad
1132 3406 1286 3472 vocabulo

255 3532 374 3597 collato
397 3552 422 3594 s.
446 3552 476 3594 v.
500 3529 679 3594 terricolae.
704 3529 790 3595 Vide
814 3530 949 3617 praefat.
974 3531 991 3613 ἓ
1018 3533 1046 3593 l.
1082 3530 1285 3595 Vocabulum

257 3660 307 3719 est
339 3652 582 3729 difficillimum
610 3652 644 3716 in
668 3652 744 3717 Pac.
770 3651 789 3716 l.
812 3652 832 3715 l.
855 3652 994 3737 legitur:
1027 3651 1057 3715 ἰὼ
1080 3650 1209 3729 Πρασιαὶ
1232 3648 1286 3727 πρὶς

257 3775 354 3840 άάλιαι
378 3773 427 3840 καὶ
451 3774 589 3844 πεντάκις
613 3773 662 3838 καὶ
680 3771 905 3850 πολλοδεκάκις,
929 3774 965 3843 ὥς
985 3773 1142 3836 άπολεῖπάε
1157 3773 1284 3849 τήμερον,

258 3898 313 3962 ubi
335 3894 577 3962 Herwerdenus
601 3895 736 3960 conicit:
761 3893 810 3958 καὶ
834 3891 1075 3968 πολλοκάκις,
1099 3894 1136 3965 ὥς
1160 3889 1286 3969 <nco

258 4019 413 4083 άπολεῖσάε
448 4016 512 4098 (vel
544 4018 579 4087 ὥς
612 4013 814 4111 ε’ξαπολεῖοάε)
847 4016 986 4095 τήμερον,
1023 4013 1096 4079 coll.
1134 4013 1285 4085 πεντάκις,

259 4136 408 4216 μυριάκις,
435 4136 531 4203 simil.

305 4257 580 4335 πολυκόλυμβος
604 4258 733 4344 proprie
760 4256 835 4344 „qui
855 4277 952 4344 saepe
969 4254 1105 4342 mergit'’
1131 4257 1189 4322 Ar.
1206 4257 1284 4322 Ron.

261 4379 341 4443 245:
379 4378 533 4455 ἡλάμεσθα
568 4378 615 4443 διά
649 4379 779 4458 κυπείρου
813 4379 862 4442 καὶ
898 4380 999 4465 Φλέοι,
1034 4379 1189 4459 χαίροντες
1222 4378 1287 4460 ᾠδῆς
