3044 4926
242 324 262 386 6
690 320 827 397 Ἀθηλος.

241 570 327 644 τινιθς.
367 571 420 636 Sia
458 571 532 636 libri
568 577 602 636 et
637 572 725 657 vulg.
760 571 825 636 Sed
862 571 976 636 melior
1014 572 1143 638 videtur
1178 574 1277 640 lectio

241 695 461 767 ἀθαλάττωτος
500 694 649 779 (Kock.)‚
687 694 724 759 cf*
760 695 843 759 Poll.
879 696 904 760 I.
942 698 1022 760 121:
1063 697 1094 760 οιὶ
1129 696 1184 774 μὲν
1215 704 1279 769 νῆες

241 815 475 900 άθοιλάττεντοι,
502 816 533 878 ai
558 815 586 879 a
610 816 913 882 ε’ντεθοιλοιττενκνῒοιι.
938 817 1085 882 Verbum
1105 819 1279 885 θοιλοιττεθω

242 942 293 1003 ast
324 958 375 1024 ap.
407 937 511 1002 Thua.
537 939 566 1001 7.
594 938 634 1000 12
667 934 726 1024 (--
759 937 794 1001 in
817 938 898 1002 mari
922 936 1022 1026 esse).
1052 939 1093 1004 af.
1122 940 1280 1006 νἰδεκάτευ-

232 1081 307 1143 τος,
336 1063 371 1123 at
401 1056 443 1122 ad
473 1079 543 1123 voa.
577 1057 758 1140 άφθφιστος.
787 1058 827 1124 of.
850 1056 1019 1132 άθάλοιττος
1045 1081 1096 1148 ap.
1121 1061 1278 1128 Menand.

242 1178 280 1244 ir.
306 1179 390 1262 450,
415 1179 445 1242 9.

287 1297 416 1375 άθηλος
439 1298 617 1385 significat:
646 1300 721 1386 „qui
743 1300 835 1366 labra
860 1322 919 1366 ana
935 1322 1001 1366 non
1019 1301 1164 1368 admovit
1180 1326 1281 1370 mam·

243 1420 333 1506 mis'’‚
365 1423 406 1497 μη
436 1421 586 1495 θηλνοθείς
619 1419 750 1508 (anhol.)
781 1421 868 1509 apud
892 1422 1064 1510 Aristoph.
1088 1424 1123 1488 in
1146 1426 1223 1512 Lyn.
1249 1448 1279 1490 v.

246 1546 329 1624 881,
362 1541 402 1608 de
433 1542 569 1629 puerulo
603 1542 658 1628 qui
681 1548 732 1607 ast
755 1540 877 1614 άλουτος
902 1541 1025 1618 κάθηλος
1047 1541 1134 1619 ἕκτην
1161 1546 1281 1624 ἡμέραν.

245 1665 285 1732 ci.
311 1663 448 1752 praefat.
472 1664 490 1747 ξ
515 1665 535 1727 2
558 1663 593 1739 β.
640 1663 798 1729 Attamen
823 1664 911 1752 apud
935 1664 1014 1732 sim.
1039 1666 1077 1730 fr.
1105 1668 1167 1732 146
1192 1667 1282 1733 vide·

245 1790 300 1850 tur
330 1805 401 1850 esne
434 1789 528 1856 πῶλος
561 1784 707 1870 quinon
731 1785 869 1872 amplius
893 1786 990 1872 sugit.
1038 1788 1089 1852 Da
1112 1787 1216 1854 forma
1240 1789 1279 1854 of.

246 1908 287 1975 ad
325 1928 393 1972 voc.
429 1906 611 1988 ἀψήφιστος.
648 1905 687 1970 af.
719 1907 828 1981 άθηλης
861 1904 1001 1994 (nagia)
1026 1908 1133 1972 Nonn.
1161 1909 1203 1974 D.
1229 1911 1281 1975 48.

248 2029 323 2093 361.
359 2026 459 2092 Varb.
496 2025 582 2091 mad.
618 2027 717 2100 θῆοθοι
753 2026 852 2091 Hom.
888 2027 928 2092 Il.
964 2030 1019 2092 24.
1055 2031 1107 2094 58.
1140 2029 1172 2093 h1.
1208 2029 1282 2095 Ger.

248 2149 324 2214 236.
348 2147 377 2212 h.
403 2147 512 2234 Apoll.
541 2148 614 2212 123.

292 2269 482 2334 άθλοθετίοι
520 2289 658 2350 „munus
692 2275 743 2334 τοῦ
778 2268 951 2335 άθλοθέτον”
986 2271 1020 2356 (ἱ.
1057 2293 1086 2337 e.
1122 2271 1193 2336 eina
1228 2274 1284 2359 qui

248 2391 392 2479 praemia
415 2390 601 2455 certaminis
618 2391 789 2483 constitnit
804 2391 856 2456 val
873 2392 1043 2479 praebat):
1061 2394 1181 2480 legitur
1197 2396 1284 2483 apud

249 2511 505 2598 Aristophanem
536 2510 571 2575 in
602 2511 640 2576 fr.
675 2514 749 2577 739.
778 2512 862 2579 Poll.
888 2515 918 2578 3.
945 2516 1008 2578 146
1031 2516 1185 2580 άθλοθεοίοι
1209 2519 1225 2591 ἢ
1248 2521 1285 2588 ὡς

248 2631 460 2715 Ἀριστοφάνης
489 2633 660 2709 άθλοθετίνι,
687 2633 744 2699 sed
767 2633 919 2699 άθλοθετίιι
943 2641 994 2700 est
1017 2637 1102 2701 aetio
1126 2643 1177 2702 τοῦ
1200 2639 1285 2703 άθλο-

248 2756 328 2821 θὲτον
353 2752 503 2842 (Koch).
527 2755 680 2829 ἀθλοθέτης
705 2762 755 2821 eat
778 2756 866 2844 apud
889 2757 974 2824 Plat.
1000 2759 1101 2844 Lagg.
1120 2761 1150 2823 6.
1170 2763 1234 2825 764
1248 2760 1286 2839 d,

250 2883 283 2942 at
307 2876 446 2964 aequior.
471 2875 561 2941 varb.
586 2878 743 2941 άθλοθετὲω
760 2877 843 2942 Poll.
862 2880 981 2942 3140.
1006 2877 1086 2945 Ath.
1102 2882 1153 2943 12.
1171 2881 1236 2945 539
1253 2880 1285 2945 b.

248 2999 395 3074 άννητίοι
419 3020 469 3086 ap.
495 2997 664 3086 Aristoph.
688 2999 723 3063 in
746 2998 784 3064 fr.
811 3001 874 3064 746
899 3005 950 3065 eat
969 3000 1162 3083 „stultitia”.
1179 3002 1285 3067 Bakk.

250 3122 375 3188 Anaod.
407 3123 491 3205 406,
517 3123 556 3186 16
588 3121 689 3186 habat
716 3121 815 3187 etiam
843 3122 979 3187 formam
1007 3123 1145 3197 άνοηστίο
1172 3123 1218 3211 (Ρ)
1244 3146 1285 3190 ex

250 3243 491 3336 Aristophane,
517 3243 556 3308 ai.
582 3248 693 3308 autem
711 3242 790 3308 ibid.
809 3246 862 3327 21,
880 3246 940 3308 20:
958 3245 1077 3318 olivaria
1094 3246 1130 3314 ὠς
1147 3246 1285 3330 νουθεσίαι,

249 3365 472 3448 μοιχοληττίοι,
504 3365 686 3448 φιλοτοτίοι,
719 3367 941 3445 λνχνοκοιντὶοι,
974 3366 1114 3445 άκροιτίοι.
1139 3366 1287 3455 (Koch).

250 3488 304 3555 Ad
330 3487 466 3552 sormam
490 3486 529 3551 af.
555 3485 726 3563 θηολοξίν.

296 3606 486 3687 άθθρωτοςι
530 3607 688 3688 „attiliani
721 3607 839 3682 στθμοι”
876 3629 931 3686 „oa
972 3607 1148 3689 effrenum,
1189 3609 1287 3673 nullia

252 3730 401 3796 claustris
426 3727 624 3794 noaraitum''
648 3728 769 3814 legitur
792 3728 893 3793 Arist.
911 3728 996 3793 Ran.
1015 3729 1089 3794 838.
1107 3717 1285 3815 Phiynioh.

251 3853 288 3917 fr.
321 3853 374 3916 82.
408 3850 461 3916 Sia
493 3848 564 3915 cod.
597 3850 638 3915 R.
671 3849 709 3913 oi.
743 3848 932 3923 άθνρθστομος
965 3848 1065 3934 Soph.
1097 3848 1183 3912 Phil.
1214 3851 1287 3914 186.

251 3971 470 4053 άθνρθγλωοσος
489 3971 565 4036 Eur.
584 3971 638 4037 Or.
657 3972 732 4052 9033
749 3969 923 4034 formatum
936 3975 986 4034 est
1000 3975 1035 4033 ut
1048 3990 1117 4033 voa.
1131 3966 1288 4049 άηρνκτος,

252 4094 340 4182 quod
373 4093 456 4159 vide,
490 4095 603 4159 Lectio
634 4093 773 4168 οὶθθροτος
802 4092 915 4156 melior
939 4097 988 4155 ast
1012 4113 1109 4177 quam
1130 4093 1288 4163 άπθλωτος

255 4216 351 4304 (cod.
375 4217 416 4282 V.
443 4214 598 4303 Bergk),
622 4237 662 4281 0.
679 4215 766 4280 enim
783 4218 952 4299 grammat.
970 4235 1020 4299 ap.
1037 4214 1142 4278 Bekk.
1160 4214 1287 4281 Anaod.

255 4340 330 4403 352.
367 4342 424 4402 ll:
457 4339 615 4415 άθθοωτος·
648 4336 810 4406 άκλειοτος.
850 4334 1078 4418 Ἀριστοφάνης,
1112 4343 1145 4399 et
1178 4335 1289 4401 Suid.:
