3044 4926
243 283 285 345 86
672 277 858 355 Δελεοίστριι.

287 523 487 601 δελεύοτριι
517 523 590 589 tam.
623 523 705 610 sing.
734 523 820 610 apud
843 522 1013 590 Cratinum
1037 523 1071 587 in
1095 523 1131 588 fr.
1157 525 1223 589 216
1246 529 1282 590 at

243 647 443 725 δελὲμστρο
478 651 584 712 neutr.
619 646 703 732 plur.
736 644 824 734 apud
855 644 1097 732 Nioophontem
1129 646 1163 711 in
1197 646 1281 711 aad

245 776 296 836 eat
324 768 512 855 „decipula,
537 773 732 848 transenna,
757 766 791 830 in
815 788 880 854 qua
903 787 977 832 esea
999 763 1200 853 imponitur'’
1222 766 1281 851 (H.

245 889 381 977 stopho.
424 888 508 955 Poll.
547 890 597 952 10.
628 889 709 953 156:
750 887 821 970 ,νύν
854 887 883 952 δὲ
918 887 1107 969 Ἀνδρομέδαν
1142 894 1280 968 Κρατῖνος

244 1015 273 1078 ἕν
304 1017 363 1084 τοῖς
391 1010 534 1092 Σεριφίοις
558 1007 737 1088 δελεοίστριιν
760 1014 856 1073 κοιλεῖ.
891 1013 1028 1090 Νικοφῶν
1052 1007 1081 1073 δὲ
1104 1009 1161 1080 τοδε
1185 1007 1283 1075 τοιού-

139 1224 143 1233 ·
245 1156 300 1205 τοις
330 1131 435 1207 arripare
467 1133 496 1196 ἕν
519 1129 693 1213 Ἀφροδίτης
717 1136 818 1203 Γονιιῖς
842 1130 1004 1212 δελέιιοτριι
1027 1128 1166 1210 είρηιιεν.”
1191 1143 1284 1197 Δελε·

244 1252 340 1332 torpa
367 1253 467 1339 igitur
491 1251 578 1340 apud
602 1252 772 1317 Cratinum
795 1252 1017 1339 metaphorica
1041 1257 1220 1341 usurpatur
1243 1250 1284 1318 da

245 1372 456 1439 Andromeda
493 1373 589 1460 „quia
624 1374 782 1439 Perseum
817 1393 927 1438 amoro
963 1372 1068 1462 oepit,
1103 1373 1143 1439 of.
1172 1373 1282 1440 Plaut.

246 1494 340 1561 Aain.
375 1495 400 1560 I.
433 1498 463 1560 3.
497 1497 538 1559 67
575 1515 669 1576 „esoa
692 1499 743 1558 ast
766 1490 941 1558 meretrix”
966 1493 1108 1575 (Κοινὴ).
1133 1494 1283 1560 Verbum

245 1615 371 1698 δελεύζω
404 1622 454 1682 est
485 1637 535 1703 ap.
567 1615 648 1680 Her.
681 1614 709 1679 2.
743 1616 795 1680 70.
827 1613 907 1681 Luo.
939 1614 1025 1679 Piae.
1058 1613 1112 1699 47,
1138 1615 1283 1704 metaph.

246 1741 334 1805 Xon.
357 1739 457 1804 Mem.
483 1739 562 1804 2.1.
588 1739 619 1800 4.
642 1736 741 1800 Iaoor.
768 1738 798 1800 8.
819 1737 872 1800 34.
896 1735 990 1800 Dem.
1011 1737 1064 1802 18.
1087 1737 1140 1802 45.
1166 1737 1283 1825 Polyb.

143 1925 148 1936 ,
248 1861 302 1928 38.
334 1862 364 1926 3.
393 1860 450 1944 11,
481 1858 582 1938 δέλειιρ
613 1858 715 1941 (asoa)
746 1857 824 1923 Eur.
855 1854 958 1921 Andr.
992 1857 1066 1922 263.
1090 1856 1178 1923 Xen.
1203 1856 1283 1926 ibid.

248 1983 334 2048 Plat.
359 1980 459 2068 Soph.
484 1981 549 2045 222
566 2002 594 2045 e.
619 1979 670 2044 De
694 1978 797 2044 forma
820 1977 860 2044 of.
884 1978 1049 2058 ύλινδύίριι.

292 2104 402 2170 δέλτιι
427 2102 515 2189 apud
538 2101 794 2188 Aristophanem
817 2101 851 2164 in
875 2100 952 2187 Lya.
979 2122 1009 2165 v.
1030 2100 1108 2165 151:
1132 2101 1157 2164 ri
1173 2100 1286 2178 νομννιί

248 2229 409 2312 πορίοιμεν,
433 2225 523 2291 δέλτοι
546 2223 799 2303 πορμτετιλμένοιι
821 2229 997 2311 usurpatur
1013 2254 1053 2278 =
1073 2222 1286 2310 „pudendum

249 2347 439 2425 muliebra’',
464 2347 505 2412 ob
528 2347 658 2412 litterae
682 2345 818 2411 formam
842 2345 1059 2432 antiquiorem
1082 2345 1287 2413 subsimilam

249 2472 297 2535 ita
327 2469 467 2552 diotum,
505 2467 654 2551 „littera”
678 2489 729 2554 ap.
754 2468 830 2532 Xan
864 2466 962 2532 Mem.
988 2469 1019 2530 4.
1045 2468 1075 2531 2.
1105 2467 1164 2543 13,
1194 2489 1288 2557 ,para

251 2589 516 2678 septentrionalia
539 2587 706 2675 Aegypti'’
731 2610 781 2675 ap.
807 2586 929 2654 Herod.
951 2593 985 2654 et
1001 2588 1041 2653 al.
1061 2626 1099 2636 —
1119 2588 1169 2655 of.
1186 2590 1289 2679 praef.

252 2713 324 2795 §A
359 2708 484 2775 Eodem
508 2710 652 2796 pertinet
674 2730 740 2774 vox
763 2709 919 2794 ε’σχύρνν,
951 2708 1038 2798 quod
1066 2717 1117 2778 eat
1144 2712 1290 2801 „pudon-

254 2830 331 2895 dum
348 2827 524 2894 muliebre”
541 2830 575 2893 in
592 2829 702 2915 Equit.
719 2851 747 2893 v.
772 2831 874 2894 1286:
899 2830 948 2895 κοί
964 2831 1094 2908 μολύνων
1111 2835 1164 2907 την
1181 2834 1291 2911 ὑπήνην

254 2950 302 3018 xxi
335 2957 425 3016 κυκῶν
457 2950 512 3021 τοδε
544 2948 677 3030 ἐσχοίριις
709 2950 763 3033 (de
796 2950 1036 3036 significatione
1062 2952 1191 3039 vulgari
1215 2954 1291 3022 vido

254 3075 389 3158 taxica),
420 3080 455 3139 at
484 3096 553 3139 roo.
585 3074 775 3157 κίντιινρος
806 3075 894 3161 apud
921 3075 1168 3164 Theopompum
1193 3078 1229 3143 in
1251 3079 1291 3148 fr.

256 3199 310 3264 89.
350 3196 499 3262 Eustath.
538 3198 640 3279 1010,
680 3198 737 3261 1οε
781 3203 942 3270 νννιιικεῖον
981 3197 1074 3276 μόριον
1107 3199 1244 3275 σημιιίνει
1280 3200 1294 3265 i

256 3318 405 3397 κέντονρος
438 3315 568 3405 (eadem
600 3317 722 3402 Phoe).
760 3316 946 3383 Secundum
982 3318 1186 3407 Hesychium
1210 3321 1294 3388 haeo

256 3463 322 3508 vox
353 3440 452 3506 etiam
483 3439 605 3503 indicat
633 3439 699 3511 τοὺς
723 3438 933 3520 ποιδεροσειίς.
969 3439 1022 3505 sio
1046 3439 1146 3505 etiam
1168 3439 1295 3508 locutio

256 3562 360 3641 ξύλον
392 3559 605 3640 τετρημένον
629 3582 681 3647 ap.
706 3560 873 3647 Aristoph.
896 3563 930 3626 in
955 3560 1031 3650 Lys.
1056 3583 1086 3627 v.
1112 3564 1196 3647 680,
1220 3585 1297 3653 pro·

258 3686 328 3774 pria
360 3715 401 3739 =
435 3680 660 3762 πεντεσύρινμον
692 3679 777 3758 ξύλον
800 3681 874 3769 (Eq.
894 3680 1004 3768 1049).
1040 3681 1089 3747 01.
1113 3681 1238 3749 Herod.
1262 3686 1295 3750 0.

260 3809 310 3872 37.
335 3804 462 3869 Andoo.
491 3805 518 3867 1.
545 3805 597 3867 45.
621 3802 698 3889 Lys.
727 3804 774 3866 10.
802 3804 850 3865 16.
878 3807 939 3867 eto.

304 3926 544 4002 δενδροτομεῖν
575 3923 797 4011 metaphorice
825 3923 962 4006 „oaado,
988 3923 1148 3989 verbero’'
1172 3924 1297 4013 legitur

261 4045 347 4135 apud
363 4046 461 4111 Arist.
487 4045 563 4109 Pae.
582 4047 659 4109 747ι
684 4044 898 4123 ἐδενδροτόμησε
914 4046 947 4110 ri
967 4051 1061 4130 νῶτον,
1077 4045 1296 4125 ἕδενδροιιύτησε

260 4173 376 4258 legunt
407 4170 512 4236 Cobet
543 4175 576 4235 et
606 4169 777 4253 Meineke,
814 4170 869 4256 qui
901 4174 1011 4234 tamen
1041 4169 1110 4234 falli
1140 4169 1298 4237 videntur

263 4291 504 4375 Herwardono,
526 4292 621 4378 „quia
636 4296 774 4377 utraque
790 4290 892 4355 forma
908 4291 1011 4377 proba
1026 4296 1087 4374 eat,
1104 4290 1299 4374 δενδροτομεῖν
