3044 4926
242 330 305 396 114
667 294 822 412 Ἑκκοκκίζ
842 378 849 394 .

239 578 361 643 iectum
393 582 443 643 est
473 578 616 642 notionis
644 578 784 643 verbalis
807 597 891 664 quae
915 580 966 642 est
989 574 1121 657 ἐξαιρεῖν.
1145 575 1195 643 uf.
1217 575 1275 641 διοι-

240 699 401 784 καυνιιίζω,
435 698 614 788 οίτοίμιοίζω,
638 699 898 782 καταμιγαμτίζω,
925 697 1097 785 ἕκκοκκίζω,
1122 697 1275 782 ἐκτοιιίζω,

241 825 305 889 alia
328 823 440 889 multa.

285 942 473 1024 ἐκκοκκίζω
514 940 709 1025 „dislocare”
742 942 863 1028 legitur
893 963 945 1029 ap.
976 941 1034 1007 Ar.
1067 941 1103 1005 in
1136 939 1218 1007 Ach.
1247 963 1277 1007 r.

242 1067 346 1133 1179:
375 1064 426 1148 „rb
449 1066 557 1147 οφιιμὸν
582 1063 747 1145 παλίνορρον
772 1061 981 1140 ἐξεκίκκιοεν”.
1007 1063 1138 1129 Schol:
1156 1062 1279 1129 ἔκλασεν
1346 1033 1354 1056 ⁸

239 1185 288 1252 τὸν
311 1184 398 1255 τίδκ.
423 1185 594 1272 Significat
620 1183 805 1267 „exiendo”
831 1187 886 1270 (oc.
914 1184 966 1268 „ri
989 1184 1121 1270 γῆμαι”)
1144 1185 1180 1251 ἱιι
1201 1187 1277 1274 Lyn.

240 1331 270 1376 r.
303 1310 377 1374 364.
402 1308 527 1374 Schola
552 1307 704 1384 ἐκβιίλλω.
728 1305 1060 1373 Notioneevellendi
1084 1310 1277 1394 usurpatum

240 1435 291 1495 cst
313 1430 347 1493 in
372 1430 449 1516 Lyn.
473 1451 504 1495 v.
530 1430 595 1494 448
620 1425 680 1516 (sc.
708 1428 783 1508 „rain
799 1411 950 1513 τμίχας”).
968 1427 1095 1494 schol:
1110 1427 1278 1507 οίνατίλλιν,

239 1551 389 1617 οίναστῑιν.
414 1549 463 1615 Of.
480 1549 616 1615 verbum
631 1547 769 1629 ἐκτοκίζω
787 1548 917 1613 Theom.
936 1549 1019 1630 567,
1037 1546 1124 1634 quod
1142 1546 1280 1614 denotat

243 1674 373 1754 ,,ε’μκμιο”ι,
406 1668 562 1752 οίφανίζω”
593 1669 750 1758 (Schol.),
783 1690 827 1733 oc.
864 1668 939 1750 „rain
972 1666 1102 1746 τίλεις”,
1133 1668 1170 1734 in
1201 1669 1278 1735 Pac.

180 1836 183 1841 -
240 1815 273 1860 v.
306 1796 359 1859 63.
390 1792 439 1858 Of.
471 1790 659 1856 Nicomach.
694 1792 724 1853 4.
758 1791 838 1855 587:
868 1789 986 1855 οὐσίδιον
1009 1787 1174 1870 ἐκκοκκίζω.
1198 1789 1279 1855 Ver·

241 1918 320 1982 bum
352 1915 535 1981 derivatum
567 1935 586 1979 a
616 1914 748 1979 nomine
783 1913 883 1987 κόκκος
918 1912 1071 2002 (granum
1099 1913 1278 1998 fructuum)

241 2037 370 2126 proprie
395 2042 445 2101 est
467 2035 516 2101 τὸν
539 2037 638 2102 κόκκον
661 2033 791 2114 ἐξαιρεῖν,
817 2035 855 2102 cf.
880 2035 921 2101 ad
945 2035 1036 2102 verb.
1059 2033 1232 2117 ἐκκαυλίζων.

287 2159 443 2238 ἐκκομεῖν
467 2155 541 2222 vide
566 2179 591 2220 s.
616 2178 645 2221 v.
671 2156 826 2238 ἐκκομίζειν.

286 2279 475 2361 ἐκκομίζειν
506 2278 613 2366 signif.
649 2278 894 2365 „devirginare”
926 2279 1041 2367 Eupol
1073 2278 1112 2344 fr.
1139 2280 1223 2364 233,
1247 2299 1276 2343 v.

243 2402 280 2467 4:
305 2398 398 2476 κιίξνῑν
421 2397 489 2476 ίλιμν
513 2402 565 2476 rav
588 2399 697 2481 ἡμέραν
720 2401 768 2466 τὸν
792 2401 891 2467 κιίσίον
907 2399 1073 2488 ἐκκομίζειν,
1090 2407 1126 2468 et
1142 2399 1276 2468 secund.

241 2522 376 2609 Bergkii
411 2523 630 2589 coniecturam
662 2545 720 2611 pro
752 2521 881 2605 ἕξομίζειο
913 2525 970 2591 Ar.
1003 2525 1040 2590 fr.
1073 2526 1158 2591 266:
1199 2523 1227 2590 τί
1256 2518 1276 2588 ὦ

242 2642 341 2724 τονιμμέ
370 2646 403 2721 μ’
433 2643 579 2725 ε’κκομίζεις
610 2643 729 2725 ὠστεμεί
762 2647 934 2731 κλιντήμιον,
959 2645 1045 2734 quod
1072 2647 1206 2736 proprie
1229 2650 1277 2713 eut

244 2765 393 2847 „cimices
424 2765 611 2854 expellere”
642 2766 695 2851 (cf.
720 2767 970 2833 Parmenionem
995 2767 1098 2832 Anth.
1122 2767 1193 2834 Pal
1216 2767 1276 2834 IX.

244 2884 334 2972 113).
351 2889 525 2964 Ἐκκομεῖν
542 2892 592 2951 est
611 2887 774 2975 „puellam
791 2887 956 2954 adimere”
973 2889 1030 2954 Ar.
1045 2888 1178 2956 Thoom.
1193 2891 1275 2955 760:

240 3004 415 3081 ταλαντάτη
439 3007 543 3082 Μίκα,
567 3009 612 3080 τίς
635 3006 782 3089 ἕξεκίμκσέ
797 3033 848 3095 οε;
865 3010 921 3075 ubi
938 3009 1095 3076 alluditur
1110 3009 1152 3076 ud
1170 3009 1277 3078 (levir-

240 3126 374 3212 ginandi
406 3129 583 3194 notionem.
608 3130 730 3195 Contra
754 3131 830 3197 Pac.
857 3133 915 3198 59:
941 3134 982 3209 alr
1006 3130 1107 3212 ’κκίμει
1131 3133 1184 3207 τίνι
1207 3134 1277 3201 Ἔλ-

241 3248 321 3314 λοίδοι
352 3249 513 3336 significat
547 3250 633 3332 „noli
666 3252 837 3317 Graeciam
868 3252 1051 3320 everrero”.
1091 3251 1140 3319 uf.
1178 3254 1277 3320 etium

241 3370 411 3436 Menandr.
448 3373 478 3434 4.
517 3373 593 3436 303.
628 3373 755 3461 Nempe
791 3373 855 3439 duo
891 3381 968 3440 sunl
999 3373 1100 3440 verba
1129 3373 1278 3441 funditus

241 3491 369 3557 diversa
399 3492 536 3570 ἐκκομεῖν,
570 3491 822 3580 devirginare
854 3502 887 3561 et
911 3499 1041 3580 ἐκκομεῖν,
1070 3518 1276 3577 everrere,

241 3633 344 3701 comp.
369 3635 399 3677 v.
424 3621 521 3699 κομεῖν,
544 3613 631 3680 unde
655 3615 767 3696 κίμκμα
792 3618 1036 3683 verriculum
1054 3619 1106 3683 vel
1122 3618 1279 3705 cordon,

242 3756 339 3820 quae
375 3741 594 3803 verruntur.
631 3735 714 3802 Cum
749 3739 855 3825 priore
891 3741 991 3806 verbo
1028 3747 1169 3827 cognata
1200 3747 1278 3808 sunt

241 3855 342 3937 κομειίω
377 3855 613 3945 (devirginaro)
650 3881 701 3947 ap.
738 3859 828 3925 Eunt.
864 3860 905 3925 ad
941 3861 1003 3929 Od.
1041 3863 1099 3945 11,
1134 3864 1200 3928 290
1244 3866 1279 3929 ct

240 3977 381 4059 κίμευμα,
398 3979 607 4065 virginitas
624 4001 674 4066 ap.
692 3980 766 4046 Eur.
785 3982 855 4047 Alc.
877 3985 949 4047 145.
971 4021 1013 4030 —
1029 3981 1078 4050 uf.
1095 3983 1196 4070 praei
1212 3985 1231 4070 ξ
1248 3984 1279 4051 4.

287 4101 512 4181 ἐκκμούεσίοιι
536 4100 610 4166 vide
635 4101 675 4167 ad
700 4123 768 4168 voc.
793 4103 933 4184 είοκμοιίω.

287 4222 451 4302 ἐκνομίως
476 4223 547 4289 adv.
575 4255 616 4279 =
644 4231 794 4312 „praeter
817 4248 842 4292 s,
864 4248 962 4314 supra
978 4225 1139 4313 modum”,
1157 4228 1279 4316 legitur

243 4344 330 4431 opud
352 4344 606 4433 Aristophanem
630 4346 664 4412 in
681 4344 768 4412 Plut.
788 4370 817 4413 v.
837 4351 911 4414 981:
929 4351 1063 4429 ἐκνομίως
1079 4347 1112 4429 μ’
1128 4350 1277 4434 ᾐσχύνετο
