3044 4926
242 281 305 344 198
643 278 844 361 Κρεμβαλιύζ
864 331 871 346 .

239 524 352 604 μύύριον
382 525 486 591 facete
517 547 574 612 pro
605 525 787 605 μαύημύταν
822 526 1057 610 (doctrinarum
1087 528 1274 595 sublimium

241 646 281 712 de
312 647 408 711 rebus
440 646 648 731 coelestibus)
680 645 776 711 dicit''
809 647 991 736 (Blaydes).
1026 649 1076 714 De
1108 648 1213 714 forma
1235 649 1273 714 ci.

239 768 360 834 Moeris
383 791 415 856 p.
440 769 521 833 242:
546 768 691 849 κρεμούύρα
714 771 866 841 Ἀττικῶς.
891 768 1061 849 κρεμύσπρα
1082 772 1274 855 Ἑλληνικῶς,

240 895 275 955 ct
298 911 322 953 s.
347 910 417 954 voe.
441 889 604 970 ιἰλινδύύρα.
698 924 701 929 -

285 1006 538 1090 κρεμβαλιύζο
570 1008 759 1091 ,crembatis
783 1009 851 1074 sive
875 1009 1080 1097 crepitaculis
1104 1011 1273 1100 strepitum

241 1131 368 1197 facere''
405 1131 525 1217 legitur
559 1130 728 1217 Hermipp.
764 1129 802 1194 fr.
840 1132 898 1194 31:
934 1131 1069 1204 λεπύδας
1104 1131 1133 1196 δὲ
1168 1138 1275 1212 πετρῶν

240 1252 457 1323 ἀποκόπτοντες
492 1248 751 1332 κρεμβαλιάζουσι.
784 1250 906 1316 Athen.
942 1251 992 1316 14.
1026 1254 1090 1318 636
1122 1274 1150 1318 o.
1175 1251 1214 1319 d:
1244 1250 1275 1329 ἦν

240 1374 300 1452 γὰρ
332 1372 365 1446 δύ
398 1396 463 1437 τινα
490 1371 540 1436 καὶ
567 1368 652 1451 ἕτερα
676 1373 775 1454 ψόφου
798 1371 881 1450 μύκον
905 1375 1188 1454 παρασκευαστικά,
1211 1376 1275 1440 κού·

242 1493 317 1573 ύπερ
343 1493 384 1559 τοὶ
406 1518 424 1557 κ
430 1491 610 1574 ρὲμβαλα.
634 1493 667 1558 τὸ
683 1493 792 1565 τούτοις
810 1492 914 1574 κρούειν
930 1495 1159 1577 κρεμβαλιύζειν
1175 1494 1276 1581 (Ddi.)

242 1613 347 1695 εἴρηκεν
359 1614 526 1694 Ἕρμιππος
539 1638 564 1681 κ.
578 1639 607 1681 τ.
620 1630 650 1681 λ.
675 1614 837 1700 Hesych.:
854 1615 1100 1699 κρεμβαλιούζειν·
1127 1618 1276 1700 κογχύλιον

243 1737 292 1801 καὶ
316 1737 454 1817 ύστρούκια
477 1741 699 1816 συγκροτοῦντες
723 1737 834 1817 ε’ρισμύν
860 1735 1006 1826 (ἔρρυύμύν
1029 1739 1191 1828 Meinek.)
1213 1764 1277 1805 τινα

245 1856 316 1939 ἦχον
352 1859 508 1923 οὶποτελεῑν
547 1865 605 1930 τοῖς
644 1857 835 1940 ὀρχουμένοις.
871 1858 920 1924 Of.
957 1860 1013 1925 Ar.
1049 1861 1135 1927 Rau.
1175 1862 1277 1928 1305:

245 1979 392 2061 ὀστράκοις
415 1986 531 2060 κροτεῖν.

290 2101 524 2182 κρημνοποιύς
555 2101 773 2184 ,tumidorum
797 2100 970 2166 verborum
993 2101 1135 2168 artiiex”
1160 2103 1280 2190 legitur

245 2224 332 2291 Nub.
359 2225 460 2289 1367:
488 2221 586 2306 ψόφου
609 2224 722 2310 πλέαν,
745 2221 930 2301 ύξύστατον,
954 2222 1140 2305 στόμφακα,
1162 2249 1281 2306 κρημνο·

247 2346 333 2412 ποιύν.
359 2346 485 2413 Schoi:
510 2347 651 2424 μεγιὶλας
676 2344 766 2424 λέξεις
793 2353 936 2412 ποιοῦντα.
963 2345 1010 2412 cf.
1029 2345 1070 2412 ad
1087 2368 1175 2413 voco.
1193 2348 1280 2415 ἱππύ·

247 2490 368 2548 κρημνος
392 2471 425 2532 et
448 2464 627 2546 οὶγριοποιύς,
653 2466 709 2532 ubi
734 2467 830 2532 etiam
856 2466 897 2532 de
921 2467 1166 2554 compositione.

292 2588 443 2671 κρησέρα
467 2590 582 2671 „cribri
606 2590 764 2655 circulus’'
788 2592 908 2677 legitur
923 2591 981 2656 Ar.
999 2591 1084 2659 Eecl.
1101 2594 1185 2658 991:
1210 2596 1280 2659 αλλ’

248 2714 314 2795 οὐχὶ
338 2714 394 2778 νυνὶ
418 2712 554 2791 κρησέραν
576 2711 753 2797 αἰτούμεθα,
784 2734 923 2799 quocum
947 2719 1114 2801 comparat
1137 2716 1281 2781 vetulam

249 2835 379 2922 saepius
402 2854 618 2921 compressam
644 2839 677 2899 et
700 2834 793 2921 quasi
808 2834 1022 2922 perforatam,
1046 2837 1093 2901 ita
1108 2843 1148 2901 ut
1161 2838 1281 2905 habeat

248 2959 282 3023 τὸ
312 2957 454 3038 τρύπημα
484 2963 617 3023 τοσοῦτον
648 2956 721 3022 ὥστε
751 2958 887 3039 κρησέραν
916 2959 1005 3024 δοκεῖν
1028 2954 1100 3023 εἶναι
1123 2960 1279 3049 (mayn).

250 3078 299 3145 Cf.
332 3100 400 3144 voe.
433 3079 531 3154 τηλία.
566 3079 752 3146 Secundum
783 3081 939 3146 Photium
963 3078 1084 3160 κρησὲρα
1109 3089 1160 3148 est
1183 3084 1281 3148 etiam

250 3199 347 3266 ύύύνιον
378 3199 491 3286 οὶραιύν,
525 3221 587 3266 sec.
620 3200 819 3288 Theognost.
851 3226 882 3291 p.
908 3206 947 3268 91
981 3203 1014 3269 τύ
1038 3204 1127 3285 παχύ
1149 3205 1281 3283 ἱμούτιοκ,

252 3327 285 3388 et
319 3343 473 3409 „parrum
505 3322 593 3388 retc''
621 3323 694 3389 Ael.
719 3324 763 3390 H.
789 3325 829 3391 A.
854 3328 884 3389 2.
910 3327 962 3390 22.
987 3326 1118 3391 Demin.
1145 3328 1283 3408 κρησέριον

252 3439 459 3525 (,cribrum”)
482 3441 583 3507 habet
606 3442 689 3511 Poll.
718 3444 767 3509 10.
790 3446 866 3522 114,
883 3445 1046 3526 κρησερύτης
1062 3446 1147 3527 ἄρτος
1160 3446 1282 3534 Diphil.

253 3563 283 3624 4.
309 3561 384 3624 387.
412 3597 451 3608 -
477 3559 562 3626 Vide
586 3561 720 3649 praefat.
746 3565 763 3648 ξ
824 3566 846 3629 t.

297 3683 457 3762 κρητικύν
474 3714 515 3738 =
532 3682 637 3764 βραχύ
660 3682 776 3759 ι’μούτιον
793 3685 935 3772 (Phor),
953 3686 1095 3763 icasmos
1111 3687 1220 3752 λεπτὸν
1234 3686 1283 3753 καὶ

252 3803 357 3885 βραχύ
390 3802 563 3891 (Hesych.)
597 3804 717 3890 legitur
740 3804 846 3892 Eupol
881 3807 920 3874 fr.
944 3809 1026 3891 311,
1051 3830 1080 3872 v.
1106 3811 1145 3892 2,
1170 3815 1204 3874 ot
1227 3809 1283 3875 Δτ.

254 3925 384 3991 Thesm.
411 3925 491 3991 730:
523 3925 560 3988 σύ
590 3924 619 3989 δὲ
650 3926 683 3990 τὸ
714 3927 849 4004 Κρητικὸν
873 3927 992 3993 οὶποῒυύι
1016 3928 1145 4009 ταχέως.
1171 3967 1211 3977 -
1236 3927 1284 3995 Oi.

254 4045 388 4134 praefat.
413 4047 431 4130 ξ
455 4046 515 4112 3ύ.
548 4045 728 4112 Adiectivis
751 4046 1002 4113 denominativis
1025 4048 1059 4113 in
1082 4049 1141 4122 ικύς
1165 4048 1286 4135 signifi·

254 4174 346 4233 catur
376 4167 427 4253 id,
459 4168 546 4255 quod
578 4169 717 4254 nomini,
749 4191 863 4256 aquo
888 4170 1094 4255 derivantur,
1121 4171 1285 4261 proprium

256 4295 289 4355 et
313 4289 475 4378 peculiare
500 4298 568 4375 est,
593 4291 679 4378 quod
703 4290 744 4356 ad
769 4293 875 4380 ipsum
899 4292 1035 4376 attinet,
1060 4293 1098 4361 cs.
1115 4293 1284 4378 φοινικικύςο
