3044 4926
412 1268 1012 1350 PRAEFATIO.

623 1594 817 1606 MANVWVW

239 1829 279 1893 In
312 1823 374 1894 hoe
410 1851 507 1918 opere
543 1829 682 1895 oolleeta
716 1835 793 1894 sunt
828 1828 988 1895 vooabula
1019 1849 1061 1893 ex
1094 1827 1255 1915 antiqua.

194 1950 363 2017 comoedia
387 1952 504 2035 attiea,
539 1973 622 2039 quae
646 1974 665 2016 a
689 1951 765 2016 solis
789 1951 895 2038 poetis
919 1949 1050 2015 oomieis
1075 1954 1231 2035 usurpata

196 2075 283 2134 sunt.
330 2071 483 2137 Fortasse
513 2071 615 2158 igitur
646 2072 784 2136 miratur
815 2070 1002 2159 aliquis,‘si
1025 2071 1130 2158 primo
1155 2090 1230 2135 eon-

196 2197 311 2279 speetu
335 2198 384 2257 tot
408 2192 567 2259 voeabula
591 2193 762 2258 usitatiora
784 2198 917 2280 raeepta
938 2212 1010 2256 esse
1027 2190 1154 2274 videat,
1172 2190 1229 2255 sad

196 2313 317 2379 fartum
352 2314 385 2380 id
422 2328 489 2400 est,
526 2315 602 2404 quia
633 2337 699 2381 non
731 2316 834 2380 solum
866 2314 1007 2397 formae,
1033 2312 1098 2378 sed
1130 2314 1228 2378 etiarn

194 2434 337 2500 notionis
368 2435 600 2502 vocabulorum
634 2437 760 2501 ratione
792 2435 922 2518 habita,
948 2435 1047 2500 etiam
1072 2454 1111 2498 ea
1135 2443 1229 2498 voea-

193 2555 271 2620 bula
305 2557 493 2646 recipienda
528 2579 599 2624 esse
634 2557 764 2646 putavi,
799 2578 882 2644 quae
914 2556 977 2621 alio
1010 2576 1108 2620 sensu
1139 2554 1226 2641 apud

193 2678 350 2764 oomioos,
375 2679 439 2744 alio
463 2679 551 2768 apud
575 2685 701 2744 eeteros
725 2679 898 2766 scriptores
921 2679 1085 2764 leguntur.

239 2799 278 2862 In
301 2798 419 2864 fabulis
443 2799 674 2887 Aristophanis
694 2799 873 2866 editionem
891 2799 1045 2885 usurpavi
1061 2796 1227 2863 Theodori

193 2919 327 3006 Bergkii
351 2919 487 2986 alteram
511 2921 657 3009 (Lipsiae
672 2922 707 2986 in
724 2920 796 2986 aed.
812 2921 851 2985 Β.
869 2919 909 2986 G.
927 2918 1093 2984 Teubneri
1109 2920 1227 3004 1884),

192 3041 250 3106 ubi
273 3047 383 3107 autem
405 3041 503 3108 aliam
524 3043 700 3109 lectionem
725 3048 856 3108 secutus
881 3063 972 3125 sum,
1006 3039 1067 3104 sub
1091 3039 1228 3125 singulis

195 3161 327 3227 vocibus
357 3162 391 3227 id
422 3163 593 3252 perspieue
624 3162 784 3247 indicavi3
816 3163 851 3228 in
882 3162 1074 3249 fragmentis
1102 3162 1229 3228 Aristo·

59 3344 62 3348 ,
193 3283 309 3369 phanis
341 3290 374 3348 et
405 3283 603 3371 reliquorum
636 3290 828 3372 scriptorum
860 3283 1014 3370 antiquae
1039 3281 1226 3348 comoediae

193 3403 337 3471 editione
368 3427 447 3477 usus
477 3427 548 3471 sum
580 3405 744 3472 Theodori
775 3405 895 3471 Koekii
927 3405 1072 3492 (Lipsiae
1095 3404 1131 3468 in
1154 3403 1226 3469 aed.

192 3524 232 3588 Β.
271 3524 310 3591 G.
350 3525 516 3595 Teubneri
554 3513 672 3612 1880).'
715 3528 893 3596 Praeterea
931 3548 1005 3592 oum
1044 3526 1228 3613 fragmenta

193 3647 390 3713 oomieorum
421 3650 618 3735 pertractavi
642 3647 800 3714 ‘e'oodioe
825 3648 1013 3714 Sabba'r'tioo
1038 3647 1252 3744 Hierosoly·-

193 3769 317 3834 mitano
341 3775 480 3857 exerpta
503 3769 590 3857 apud
613 3769 825 3858 Blaydesium
845 3769 1064 3852 „Adversaria
1078 3771 1113 3834 in
1129 3771 1227 3834 eomi-

193 3911 304 3956 oorum
335 3911 525 3977 graecorum
556 3889 760 3977 fragmenta'’
793 3895 876 3977 part.
910 3890 953 3953 ΙΙ.
986 3912 1016 3977 p.
1043 3891 1108 3952 344
1136 3911 1226 3976 sqq„

194 4009 282 4081 unde
303 4011 461 4076 voeabula
475 3997 702 4096 zuentiocpdpoq,
719 4012 938 4095 αὐχμηρόβιος,
954 4009 1069 4082 atavus
1086 4012 1226 4098 sumpsi,

196 4139 265 4197 tum
287 4132 470 4220 fragmenta
492 4155 510 4198 e
534 4135 656 4199 Lexieo
681 4133 883 4199 Messanensi
908 4132 949 4198 de
972 4133 1040 4197 iota
1063 4132 1226 4220 adscripto
1315 4201 1317 4205 ,

192 4255 228 4323 in
258 4255 372 4321 Museo
404 4255 583 4342 Rhenano,
617 4277 635 4320 e
666 4277 730 4342 quo
762 4254 921 4320 voeabula
951 4251 993 4335 qia
1023 4259 1056 4317 et
1078 4254 1227 4334 συνῳδικὸς

193 4396 312 4463 reoepr.
