3044 4926
247 281 309 344 104
657 277 864 357 Δυοοὶλγιρτος.

243 525 364 607 μογόνος
396 527 495 593 schol.
527 528 689 615 Lycophr.
723 531 797 614 352.
832 568 873 578 -
901 531 952 595 Dc
976 529 1216 618 compositione
1238 531 1276 596 cf.

243 648 284 716 ad
306 647 482 731 οὶνρίοτοιδ.

230 808 232 812 -
286 771 412 856 δρύοψ,
425 793 545 838 nomen
561 773 645 856 avis,
661 772 782 859 legitur
797 771 884 860 apud
901 774 1005 838 solum
1022 771 1280 861 Aristophanem

243 894 277 959 in
300 894 362 960 Αν.
384 917 414 959 v.
440 897 524 979 304,
549 900 664 982 estque
680 894 818 960 fortasse
834 894 949 961 eadem
966 915 1050 983 quae
1066 895 1279 975 δρυκολάπτης.

243 1015 292 1081 of.
317 1015 450 1081 nomina
473 1016 581 1081 avium
604 1016 709 1103 ἐλεοῖς,
726 1015 906 1098 ἐρυθορτους,
932 1018 1064 1092 ἐλοτῖος,
1081 1015 1280 1096 κεβλήπυρις,

242 1136 348 1218 νέρτος,
365 1137 502 1213 ὑποθυμὶς
519 1137 647 1204 similia.
667 1175 706 1186 -
725 1136 810 1203 Vide
826 1138 961 1224 praefat.
978 1141 997 1223 ξ
1013 1139 1033 1203 3
1050 1162 1082 1202 οι.
1108 1137 1162 1204 Sic
1178 1137 1280 1205 etiam

242 1280 312 1323 voc.
336 1258 477 1339 τέτροξ
501 1260 584 1344 (avis
611 1257 756 1342 „tetrao”
780 1259 933 1348 fortasse)
955 1260 1018 1326 Av.
1037 1261 1114 1325 885.
1131 1260 1180 1326 Of.
1198 1260 1280 1327 Ath.

243 1381 273 1444 9.
299 1380 364 1445 398
377 1378 441 1444 ef.

287 1498 529 1578 inveteratos
553 1506 603 1566 est
629 1522 746 1587 „aegro
770 1499 978 1587 tolerabilis’',
1002 1500 1194 1584 οὶιύτοιοτος,
1210 1503 1279 1570 δύο·

241 1642 333 1696 οιοτος
358 1622 438 1712 (sec.
463 1623 544 1688 Poll.
562 1625 592 1686 3.
613 1621 691 1709 130)
709 1622 796 1710 apud
813 1623 954 1710 Eupolin
970 1624 1004 1689 in
1020 1624 1058 1688 fr.
1076 1626 1152 1692 410.
1177 1625 1279 1715 Apud

243 1745 343 1832 Soph.
376 1749 485 1809 autom
516 1743 551 1807 in
583 1743 621 1810 0.
649 1744 690 1809 R.
715 1766 745 1809 ν.
775 1745 813 1809 12
838 1748 888 1809 est
914 1744 991 1832 „qui
1014 1743 1127 1811 dolore
1152 1745 1208 1812 vix
1233 1747 1280 1812 ai·

242 1866 296 1930 fici
326 1864 471 1954 potest”;
495 1864 535 1930 cf.
559 1865 654 1952 praef
672 1870 695 1930 t.
719 1869 737 1950 ξ
760 1866 829 1941 29.
855 1865 909 1931 Sic
931 1865 1084 1945 δυοιιλννὶς
1107 1874 1159 1933 est
1185 1890 1279 1956 ,gra-

241 2008 314 2053 vem
350 1988 488 2053 afferens
524 1985 690 2060 dolorem’'
725 2007 776 2073 ap.
812 1986 932 2052 Aesch.
965 1987 1029 2074 Ag.
1064 1990 1157 2055 1137.
1188 1990 1278 2061 Pint,

241 2110 372 2176 Consol.
408 2108 449 2176 ad
485 2108 637 2196 Apollon.
672 2130 703 2195 p.
741 2111 806 2174 328
840 2115 874 2174 ct
905 2110 946 2175 al.
980 2131 1066 2197 seq.,
1098 2110 1186 2199 apud
1211 2111 1278 2179 He·

242 2231 389 2318 sychium
421 2235 531 2297 autom
563 2254 605 2288 =
639 2231 859 2312 „devocatio”
894 2229 1022 2319 (doloro
1051 2232 1189 2299 alterins
1211 2255 1278 2301 non

243 2350 406 2439 affectus).

285 2472 548 2553 δυοβροὶνοινον
579 2479 630 2538 cst
664 2473 716 2556 „id
741 2473 827 2561 quod
852 2474 982 2542 difficile
1006 2476 1120 2543 estad
1148 2477 1278 2545 intolle-

242 2593 404 2681 gcndum,
429 2593 469 2658 ad
494 2593 837 2680 comprehendendum
854 2595 985 2661 animo’'
1002 2596 1089 2685 apud
1107 2599 1277 2665 Cratinum

241 2717 275 2781 in
299 2717 337 2780 ir.
362 2718 437 2781 404.
471 2715 519 2781 Of.
546 2715 689 2802 Hesych.
714 2716 835 2797 βρονκεῑν
859 2748 899 2772 =
926 2719 1068 2798 ουνιὲνοιι,
1089 2720 1212 2802 βροκείς
1237 2752 1276 2778 --

241 2839 360 2922 συνιείς,
397 2836 536 2920 ,βροκεῖν
568 2836 692 2924 (animo
717 2837 1027 2928 comprehendere),
1050 2840 1190 2927 βροικείς,
1214 2841 1277 2908 δυο·

241 2959 385 3042 βροίκονον
404 2956 461 3046 (--
486 2957 748 3044 δυοιιοιτοινόιιτον),
772 2961 890 3047 quibus
915 2963 1096 3027 communis
1120 2968 1172 3030 est
1187 2964 1278 3031 notio

242 3079 559 3168 comprehendendi,
584 3081 652 3147 sive
668 3082 702 3147 id
718 3103 817 3148 manu
833 3083 887 3168 fit,
905 3084 973 3150 sive
990 3105 1045 3151 ore
1063 3085 1132 3152 sivo
1150 3086 1278 3154 animo”

242 3201 430 3290 (Lobeok.).

286 3324 633 3400 δυοκοιιόκοιριττος
665 3324 824 3407 „difficilis
848 3326 888 3392 ad
914 3327 1135 3394 flectendum
1160 3329 1280 3398 dicitur

242 3445 283 3512 de
306 3452 444 3524 κοροτοιῒς
467 3445 531 3510 illis
556 3446 769 3529 musicorum,
788 3446 829 3512 de
849 3447 1039 3529 „modorum
1058 3450 1279 3518 flexionibus'’

242 3567 328 3655 apud
353 3568 520 3654 Aristoph.
545 3567 579 3632 in
604 3567 689 3634 Nub.
714 3591 744 3633 v.
766 3571 847 3634 971:
873 3570 896 3634 εἰ
913 3570 943 3635 δέ
958 3595 1001 3642 τις
1019 3573 1114 3636 αὐτῶν
1129 3571 1278 3655 κάμψειέν

243 3713 308 3754 τινος
331 3692 471 3768 καμπὴν,
496 3687 556 3764 οἵοις
581 3689 636 3763 τοὶς
653 3691 734 3756 κοντοὶ
747 3697 845 3773 Φρῦνιν
856 3692 971 3766 τούτοις
984 3695 1043 3767 τοὶς
1055 3693 1276 3774 δυοκολοιιιέμοτ·

242 3835 317 3884 τους.
352 3812 436 3877 Poll.
472 3812 530 3878 IV.
568 3813 627 3876 66:
661 3812 710 3877 ιιοιὶ
743 3818 841 3893 Φρῦνιν
873 3813 901 3878 δὲ
932 3813 981 3878 τὸν
1011 3813 1149 3892 Κάμωνος
1175 3816 1278 3894 μέλεοι

242 3931 532 4007 τολυιιοιμτέοι,
568 3939 627 4006 τοῖς
666 3934 719 3998 ὑπὸ
744 3939 799 3998 τῶν
823 3934 962 4016 ιιιοροςοδῶν
985 3935 1278 4017 δυοκολυκομτ·

242 4073 320 4122 τοις
350 4052 494 4131 nonesto,
518 4055 676 4133 κεχρῆσθαι
699 4054 842 4131 λέγουσιν.
868 4057 918 4122 De
943 4060 1180 4146 compositione
1204 4062 1278 4129 vide

242 4170 475 4251 βορυδοιιμονεῖν.
501 4173 548 4239 Of.
565 4175 828 4257 ρὶομιιτοκοὲμττιςς
845 4178 931 4245 Nub.
947 4181 1022 4244 333.
1039 4183 1163 4259 ιιοιμτὺν
1175 4183 1279 4264 κάρον·

243 4316 302 4357 τειν
327 4293 415 4359 Nub.
439 4297 514 4359 969.
540 4296 727 4363 Pherecrat.
752 4299 790 4363 ir.
819 4302 898 4376 145,
925 4323 954 4366 v.
980 4305 1009 4366 9.
1035 4306 1281 4390 ιιοιμττιιὼνφυ·
