3044 4926
736 1183 791 1280 B.

287 1477 472 1563 Βαβαιιὲξ,
504 1479 752 1544 exclamationis
783 1479 961 1565 particula,
985 1500 1050 1566 qua
1073 1478 1212 1545 effertur
1235 1481 1288 1546 via

243 1600 393 1668 vocabuli
425 1600 529 1680 βαβαί
551 1600 801 1667 admirationem
825 1601 980 1688 exprimit
1002 1599 1161 1688 Aristoph
1199 1600 1286 1668 Acir.

243 1725 297 1791 64.
329 1724 413 1789 Rau.
448 1724 490 1787 63
522 1728 557 1788 et
587 1722 674 1810 apud
703 1722 834 1788 Platon.
866 1722 905 1789 ir.
938 1722 990 1788 46.
1014 1743 1044 1789 v.
1069 1725 1109 1804 9,
1133 1719 1286 1789 dolorem

243 1844 325 1911 Aah.
360 1846 455 1909 1141.
488 1845 563 1910 Pac.
597 1844 672 1910 248.
696 1842 771 1930 Lys.
801 1843 884 1909 312;
908 1846 968 1923 <Dei
990 1846 1041 1907 τοῦ
1064 1846 1196 1918 κατνιῦ,
1220 1841 1286 1920 βα-

242 1965 349 2045 βαιάξ.
373 1965 421 2032 of.
446 1965 582 2052 praefat.
606 1966 668 2050 §u
692 1964 746 2030 Ad
762 1965 898 2030 sormam
914 1963 954 2030 cl.
971 1961 1156 2041 ἰατταταιὰξ
1171 1962 1231 2052 nq.
1252 1967 1283 2031 1.

244 2084 387 2164 ταταιιὲξ
408 2087 486 2174 Lyn.
511 2088 585 2152 924.
611 2085 687 2152 Eur.
713 2085 802 2173 chl.
829 2086 902 2149 153.
927 2085 1008 2150 Luc.
1032 2084 1143 2171 Fugit.
1167 2086 1223 2151 33.

287 2206 480 2287 βαβάιτνς
499 2205 729 2291 „furibundua‚
746 2204 943 2270 bacchator'‘
959 2205 1081 2291 legitur
1095 2202 1183 2291 apud
1201 2203 1283 2271 Ora·

244 2331 349 2395 tinum
384 2329 418 2393 in
452 2328 490 2394 ir.
523 2329 606 2394 321:
638 2330 721 2409 χαῖρ’
744 2323 765 2391 ὦ
788 2326 967 2408 χρυσόκερως
989 2325 1141 2404 βαβαιιτα
1164 2327 1282 2406 mum,

243 2449 318 2515 slata
353 2447 463 2535 Etym.
495 2468 536 2511 m.
573 2450 646 2513 183.
679 2449 740 2514 45:
770 2446 951 2525 βαβακτνς·
979 2447 1145 2532 ὀρχηστής,
1168 2447 1284 2524 λάλος,

243 2569 404 2648 μανιώδης,
439 2569 625 2651 βακχεντήι.
657 2570 780 2646 λέγεται
811 2568 840 2633 δὲ
870 2571 884 2634 ὃ
914 2568 989 2634 Πάν.
1022 2567 1187 2655 Euryclia
1221 2568 1284 2649 βα-

243 2688 375 2768 Boiano·
409 2690 571 2772 ὀρχηστής.
609 2689 750 2769 ὑμνῳδός,
787 2689 948 2766 μανιώδης,
980 2689 1147 2768 κραύγασος
1180 2687 1220 2777 (ἱ.
1252 2711 1284 2758 e.

244 2811 426 2893 clamator).
466 2810 525 2876 ὅθεν
563 2809 612 2874 καὶ
651 2810 781 2891 Βάκχος.
819 2809 976 2875 Similiter
1010 2807 1115 2874 Bokk.
1152 2809 1286 2879 Anood.

244 2934 319 2997 223.
353 2934 405 2998 31.
439 2931 563 2999 Eodem
588 2952 686 2997 aenou
710 2931 829 3017 legitur
854 2928 965 3009 βιὶβαξ
988 2929 1112 2995 Archil.
1138 2930 1193 2995 26.
1219 2931 1285 3019 Ly·

244 3053 354 3140 cophr.
380 3053 522 3118 47201.
540 3053 627 3119 verb.
643 3051 772 3133 βαβιὲζω
789 3052 959 3140 (reduplic.
977 3074 1007 3117 v.
1023 3050 1106 3134 βάζω
1124 3051 1214 3140 quod
1232 3060 1284 3120 crt

244 3176 361 3258 λαλεῖν)
393 3175 447 3257 (ci.
479 3175 624 3262 Hesych.
655 3172 816 3251 βαβαξαι·
839 3174 1042 3256 ὀρχήσασθαι).
1072 3173 1283 3242 Vocabulum

243 3293 406 3374 βαβαὶκτης
438 3296 582 3383 pertinet
612 3295 654 3360 ad
687 3296 818 3361 nomina
847 3294 1033 3361 deverbalia
1055 3295 1091 3359 in
1113 3319 1180 3369 τινα
1204 3317 1285 3363 axa·

243 3415 354 3497 untia,
385 3415 555 3481 masculini
586 3416 733 3502 generis,
767 3417 885 3504 quibua
916 3437 956 3482 ea
987 3437 1126 3504 persona
1157 3418 1284 3505 signill-

242 3544 352 3622 catur,
384 3560 468 3627 quae
499 3537 533 3602 id
565 3538 649 3624 agit,
683 3535 769 3624 quod
794 3537 894 3603 verbo
918 3536 1115 3602 continetur.
1140 3536 1190 3601 Oi.
1215 3553 1285 3604 λιιι·

242 3662 352 3736 καττιὶς
385 3660 443 3726 Ar.
477 3659 556 3726 Ach.
593 3662 644 3725 79.
676 3661 847 3741 μοχλεντύς
882 3659 966 3724 Nub.
999 3661 1075 3724 567.
1103 3660 1283 3743 ἐγχειρητής

244 3783 306 3850 Αν.
332 3785 415 3866 257,
440 3782 566 3846 cimilia.
987 3799 999 3813 ·

288 3903 536 3982 βαδιτματίας
560 3903 634 3969 vide
658 3903 700 3968 ad
724 3923 793 3968 voc.
817 3901 996 3979 βαδιστικές.

289 4026 500 4104 βαδιστικός
524 4025 587 4092 adi.
616 4027 662 4107 „ia
685 4025 742 4112 qui
765 4024 899 4090 ferendo
923 4023 1156 4090 ambulationis
1175 4023 1283 4092 labori

246 4156 296 4215 art
326 4146 481 4215 idoneua”
512 4148 632 4234 legitur
662 4147 750 4235 apud
777 4146 944 4232 Aristoph.
968 4146 1003 4210 in
1027 4145 1113 4212 Rau.
1138 4165 1169 4212 v.
1197 4146 1280 4213 128:

246 4269 347 4351 βούλει
371 4276 500 4353 ταχεῖαν
523 4269 572 4334 καὶ
596 4269 729 4344 κατιέντν
752 4293 793 4333 τοι
814 4267 937 4353 <limi
961 4269 993 4341 νὴ
1009 4266 1056 4331 τὸν
1073 4267 1131 4352 ΔΓ,
1148 4267 1186 4340 ὣς
1201 4265 1282 4343 ὄντας
