3044 4926
246 344 308 406 148
705 349 824 408 Θολοῖιι.

243 590 333 676 asylo
356 588 523 655 versatur’'
546 590 666 676 legitur
690 590 775 677 apud
799 591 1055 679 Aristophanem
1080 594 1114 658 in
1138 593 1177 661 fr.
1205 594 1271 658 458.

247 712 387 794 „Servus
418 711 620 798 significatur
650 712 795 784 πολλάκις
818 714 847 776 ἐν
870 715 911 796 τῷ
935 714 1047 796 Θησείῳ
1070 722 1176 795 τριῖσιν
1199 715 1273 790 αἰτό-

242 832 320 906 σας”
357 832 503 921 (Koch).
540 833 587 898 Of.
624 833 662 898 fr.
700 835 774 898 507.
811 834 899 899 Plut.
935 836 1033 900 Thes.
1067 838 1128 901 36:
1161 837 1222 903 ἔστι
1249 835 1274 900 δὲ

243 955 372 1036 Φόξιμον
405 954 453 1043 (τὸ
485 955 618 1039 Θησεῖον)
652 954 774 1027 οἰκέταις
805 954 855 1019 καὶ
888 960 962 1021 τοῖσι
990 963 1049 1028 τοῖς
1072 957 1275 1036 ταπεινοτέροις

242 1077 292 1143 καὶ
323 1076 423 1142 δεδιόσι
456 1077 629 1157 κρείττονας.
671 1076 778 1142 Schol.
804 1075 863 1163 Eq.
894 1079 992 1142 1312:
1024 1079 1152 1144 ἐνταῦθα
1177 1080 1220 1164 (ἐν
1240 1080 1275 1158 τῷ

244 1201 368 1285 Θησείῳ)
400 1201 425 1264 oi
452 1198 697 1282 καταφεύγοντες
731 1203 787 1263 τῶν
809 1199 923 1264 οἰκετῶν
947 1200 1075 1265 όσυλόαν
1097 1195 1190 1281 εἶχον.
1227 1197 1273 1265 Ad

242 1321 377 1387 formam
402 1320 442 1385 cf.
466 1320 624 1404 πεδότριψ,
650 1319 736 1406 quod
760 1319 924 1385 interdum
950 1342 970 1385 a
995 1320 1138 1386 librariis
1161 1321 1196 1385 iu
1214 1344 1275 1385 σιιι·

241 1441 342 1522 δότριψ
379 1448 566 1529 corruptum
602 1446 652 1506 est
687 1440 740 1524 (cf.
778 1441 852 1506 Lat.
880 1441 1124 1526 ferritriba)‚
1153 1441 1275 1523 οἰκότριψ

240 1563 372 1630 Thesm.
413 1566 488 1629 426.
528 1563 622 1628 Dem.
662 1564 711 1626 13.
748 1565 801 1628 24.
841 1561 895 1628 Ad
931 1563 1202 1650 compositionem
1237 1562 1273 1628 c'l.

240 1686 410 1769 ᾁδοφοότνς.

285 1806 406 1869 όοκοῦν
429 1803 559 1890 proprie
584 1809 634 1868 est
656 1801 826 1884 „turbare”
842 1804 889 1889 (τό
906 1803 975 1883 ὕδωρ
992 1807 1071 1874 Ath.
1087 1807 1117 1873 7.
1137 1807 1203 1873 298
1215 1805 1274 1891 b.),

123 2003 125 2006 Ι
243 1926 362 1992 deinde
386 1924 608 2014 metaphorice
633 1933 808 2014 usurpatur
826 1957 866 1981 =
887 1927 1099 2014 „perturbare
1115 1923 1275 1994 animum'’

242 2047 430 2136 etquidem
457 2046 666 2131 „talariam”
691 2045 784 2134 (Eur.
809 2048 880 2112 Alc.
909 2049 1026 2133 1006);
1050 2047 1138 2136 apud
1160 2048 1276 2115 Phere-

242 2176 363 2236 cratem
388 2175 498 2236 autem
523 2169 622 2234 etiam
645 2168 813 2234 iuvenitur
840 2169 906 2251 „iai
930 2167 1049 2251 χαραῖς”
1072 2170 1108 2235 in
1131 2170 1171 2240 fr.
1199 2172 1275 2236 115:

242 2298 379 2372 γελῶντα
409 2293 458 2358 καὶ
491 2290 634 2372 χαίροντα
664 2291 712 2356 καὶ
744 2292 950 2377 τεόολαμὲνον,
976 2291 1157 2359 secuudum
1181 2293 1275 2360 Phor.

243 2421 277 2481 et
299 2416 408 2503 Etym.
433 2436 475 2481 m.
502 2416 575 2480 750.
604 2415 653 2479 10.
679 2453 721 2463 -
745 2414 794 2481 Of.
818 2415 954 2502 praefat.
980 2414 997 2504 ᾖ
1022 2417 1079 2480 2α
1098 2419 1127 2481 1.

287 2535 518 2617 όορυβκτικόν
543 2533 607 2623 (τό)
637 2534 883 2623 „quodcumque
907 2535 948 2601 ad
972 2537 1123 2625 plausum
1148 2542 1277 2624 capton-

243 2655 320 2722 dum
343 2655 439 2721 facit’'
464 2655 608 2744 (Blayd.)
632 2656 752 2743 legitur
776 2656 862 2744 apud
886 2657 1141 2746 Aristophanem
1165 2659 1200 2724 in
1220 2658 1278 2747 sq

243 2803 273 2845 v.
302 2781 405 2845 1380:
438 2776 660 2877 καταληπτικός
694 2779 722 2843 τ’
747 2780 852 2864 (ἐστὶν)
881 2781 988 2859 όιριστα
1010 2785 1061 2847 τοῦ
1084 2780 1278 2865 θορυβητικοῦ,

245 2901 468 2989 „plebeculam
493 2900 533 2965 ad
559 2901 734 2966 tumultum
758 2900 943 2967 faciendum
960 2902 1118 2989 pronam”
1136 2903 1279 2992 explicat

241 3020 347 3088 Kock.
384 3022 434 3086 De
458 3021 652 3087 formatione
676 3021 716 3086 cf.
740 3020 920 3099 βαδιστικόι.

287 3139 528 3221 όουριομόντις
564 3146 676 3223 „vates
700 3142 859 3208 Thorium
887 3140 1023 3208 missus'‘
1046 3143 1169 3230 legitur
1192 3142 1278 3232 apud

244 3263 498 3351 Aristophanem
521 3264 555 3328 in
579 3264 664 3329 Nub.
682 3287 712 3330 v.
730 3267 813 3332 332:
835 3264 1059 3349 όουριομιόντεις,
1076 3265 1278 3350 ἰατροτέχνας,

244 3384 676 3469 σφραγιδονυχαργοκομήτας,
700 3384 755 3471 (de
780 3409 814 3452 rc
834 3386 909 3453 vide
926 3388 1034 3453 Schol.
1059 3388 1145 3454 Nub.
1164 3391 1231 3456 332
1247 3394 1280 3456 et

244 3508 306 3573 Av.
340 3508 415 3572 521.
447 3506 542 3572 Diod.
568 3509 630 3574 Sic.
659 3510 708 3573 12.
736 3510 786 3574 10.
823 3511 966 3597 Hesych.
992 3532 1064 3578 av.
1088 3511 1178 3576 Plut.
1203 3513 1278 3579 Per.

245 3651 271 3695 c.
300 3632 364 3712 15).
402 3629 451 3697 Oi.
482 3629 679 3711 ψευδόμαντις
710 3631 829 3696 Aesch.
863 3635 925 3720 Ag.
954 3635 1049 3699 1168.
1082 3634 1279 3713 μουσόμαντις

244 3751 363 3818 Aesch.
389 3752 427 3819 fr.
453 3755 505 3816 52.
540 3753 737 3831 όιικόόμκντις
768 3754 889 3823 Aesch.
922 3757 985 3842 Ag.
1001 3758 1096 3823 1214.
1128 3758 1279 3839 κακόμαν-

245 3898 289 3946 τις
312 3874 376 3961 Ap.
402 3872 510 3953 Rhod.
537 3876 567 3939 3.
593 3878 668 3941 935.

290 3997 537 4074 Θρακοφοότκς
563 3994 637 4062 vide
661 3995 702 4062 ad
726 4019 796 4062 voc.
821 3999 985 4083 ᾁδοφοότκς.

289 4117 438 4196 όρανεόοι
474 4117 644 4199 „distendo
676 4141 774 4206 supra
797 4122 993 4206 scabellum,
1019 4123 1073 4187 ubi
1095 4123 1201 4210 pelles
1223 4146 1280 4191 cx·

245 4236 336 4301 tondi
372 4238 499 4304 solent”
533 4239 654 4326 legitur
685 4241 770 4329 apud
804 4244 1057 4331 Aristophanem
1090 4246 1124 4310 in
1156 4245 1217 4334 Eq.
1250 4269 1279 4313 v.

245 4360 325 4424 369:
351 4361 367 4434 ἦ
390 4359 489 4439 βύρσα
513 4385 563 4426 σου
587 4362 783 4444 θρανεύσεται.
813 4365 939 4433 551101.;
959 4367 1091 4431 ἐκτείνοι·
1107 4370 1205 4447 όρόινος
1221 4369 1280 4451 ρόιρ
