3044 4926
243 303 286 366 90
659 294 867 374 Διακθλαημα.

241 545 375 612 versarii
407 541 660 610 conscenderet'
691 539 912 631 (Hermann).
939 541 1053 630 Simpl.
1078 540 1283 624 κλιμακθζα

241 667 407 733 invenitur
438 689 488 754 ap.
520 665 777 753 Aristophanem
801 663 955 746 Ἀναγύρῳ
977 663 1113 750 (legitur
1135 663 1172 727 iu
1196 663 1284 751 frag·

241 789 360 856 mentis
396 789 593 854 comicorum
628 809 646 854 e
675 787 786 853 codice
820 785 1007 852 Sabbai'tico
1040 784 1283 873 Hierosolymi-

241 916 318 975 tanc
349 909 494 996 exerptis
525 930 576 995 ap.
600 908 753 995 Blaydes.
781 907 999 991 „Adversaris
1021 907 1056 972 in
1080 906 1282 973 comicorum

240 1053 429 1119 graecorum
461 1030 665 1117 fragmenta'’
690 1035 773 1118 part.
798 1029 842 1094 Π.
867 1052 899 1117 p.
925 1031 990 1093 344
1014 1026 1113 1118 sqq.).
1137 1029 1282 1118 Tropice

240 1158 350 1219 autem
373 1152 537 1233 καιμακίζα
563 1183 603 1207 =
631 1156 822 1239 „pervert0,
847 1150 1026 1238 detorqueo
1043 1149 1122 1235 (τοὺς
1139 1149 1281 1237 νθμσνι)”

241 1279 291 1340 est
326 1297 377 1361 ap.
412 1275 613 1350 Dinarchum
650 1274 732 1339 rhet.
768 1295 830 1339 sec.
863 1271 955 1341 Suis.
979 1277 1013 1337 et
1036 1272 1215 1360 Harpocr.;
1238 1273 1281 1340 ci.

240 1395 428 1476 δισρχεῖσθαι,
453 1395 604 1476 διακρθζα,
621 1393 840 1475 διαξιῷθζιμαι,
858 1393 1012 1472 διενεγκεῖν
1028 1399 1062 1459 et
1077 1391 1152 1460 uide
1165 1414 1190 1460 s.
1203 1393 1236 1460 h.
1247 1415 1279 1460 v.

242 1517 282 1582 de
307 1517 542 1604 compositione
566 1521 600 1582 et
624 1517 748 1602 origine
773 1515 886 1581 talium
911 1514 1095 1582 verborum.

286 1639 517 1716 διακθλιιημα
548 1638 636 1727 apud
667 1637 809 1726 Eupolin
838 1637 874 1701 in
905 1637 943 1704 fr.
976 1639 1040 1703 409
1072 1636 1206 1725 proprie
1230 1643 1283 1704 est

242 1762 298 1840 „id
331 1760 418 1849 quod
449 1782 522 1826 cum
553 1761 663 1848 aliqua
694 1781 729 1825 re
760 1759 1015 1846 conglutinatur,
1047 1759 1069 1823 i.
1093 1779 1125 1846 q.
1153 1759 1281 1846 σταβιὶ,

239 1884 460 1963 θναπκηραμα,
485 1904 549 1970 quo
574 1882 652 1970 quid
676 1878 862 1948 resarcitur'’
887 1881 939 1964 (cf.
956 1884 1057 1945 nostr.
1077 1877 1281 1968 „stoplap'');

240 2004 315 2071 vide
339 2007 397 2070 Ar.
421 2005 506 2070 Rau.
535 2006 619 2070 1178
645 2003 715 2085 (ubi
735 2002 862 2084 σταβη).
887 2001 1036 2068 Verbum
1051 2000 1212 2067 issacharis
1228 2008 1280 2070 est

240 2149 291 2215 ap.
324 2128 404 2191 Luc.
436 2125 538 2213 Hipp.
568 2128 598 2189 6.
635 2123 782 2210 Simplex
805 2121 944 2200 κθλλημα
967 2121 1069 2187 habet
1092 2121 1278 2209 Antiphon.

240 2250 269 2312 3.
295 2249 355 2331 88,
379 2249 490 2310 κσλιιῖιν
523 2244 619 2310 Pind.
644 2245 686 2310 N.
711 2248 741 2310 7.
767 2246 818 2308 78.
844 2245 930 2308 Ptat.
954 2243 1038 2309 Tim.
1062 2244 1105 2308 82
1132 2241 1163 2311 d.
1187 2242 1277 2310 Plut.

240 2369 351 2456 Symp.
379 2370 408 2447 1,
432 2370 470 2447 2,
496 2370 532 2445 6,
558 2368 599 2434 al.
636 2369 686 2432 De
710 2366 813 2432 forma
837 2366 874 2432 cf.
898 2366 1136 2448 βωμνλθχενμα.

285 2489 450 2556 διακθνινν
477 2491 667 2576 „placentae
692 2488 852 2577 quaedam
877 2488 1024 2576 species’'
1048 2488 1170 2576 legitur
1191 2487 1276 2577 apud

240 2614 473 2679 Pherecratem
496 2613 530 2676 in
554 2613 591 2676 fr.
612 2613 691 2696 156,
716 2634 746 2677 v.
771 2613 808 2674 2:
834 2611 889 2676 ὑπὸ
911 2620 964 2686 τῆς
986 2610 1160 2686 ἀπληστίας
1180 2610 1277 2677 διανθ-

240 2761 293 2801 νισν
327 2736 467 2810 ἐπθσθιεν.
504 2735 645 2821 Hesych.
677 2734 828 2799 διακθνιαν·
864 2733 949 2815 μῖιζα
984 2737 1001 2810 ἢ
1033 2731 1145 2815 ζαμθσ,
1179 2733 1229 2799 καὶ
1261 2736 1278 2810 ἦ

240 2859 341 2940 κρηπίς
375 2864 425 2923 τοῦ
460 2863 659 2929 πλακοῦντος·
694 2858 718 2921 ci
753 2857 782 2923 δὲ
817 2857 968 2935 πέμματα
1002 2854 1194 2933 ἕξαππθμενα
1224 2866 1279 2933 risa

241 2979 403 3058 εἰρεσιώνην.
431 3017 470 3026 -
497 2977 545 3044 Of.
570 2977 669 3067 praef.
693 2981 711 3064 ξ
736 2977 798 3059 3ζ.

285 3101 569 3180 διακορκσρνγεῑν
603 3132 642 3155 --
675 3098 792 3165 διελθεῖν
823 3103 1005 3183 κνρκνρνγῶν,
1037 3097 1160 3184 legitur
1190 3098 1281 3185 apud

241 3223 495 3311 Aristophanem
526 3223 561 3286 in
592 3223 676 3287 Nub.
707 3246 737 3289 u.
763 3223 846 3288 387:
875 3221 925 3296 ἤδη
949 3219 1044 3302 ζωμοῦ
1068 3221 1280 3297 Παναθηναίων

240 3343 418 3422 ἐμπλησθεὶς
442 3339 495 3409 εἶπ’
517 3345 684 3424 ἐταράχθης
707 3346 759 3418 την
783 3345 933 3424 γαστέρα,
956 3343 1004 3408 καὶ
1022 3345 1120 3416 κλθνοι
1136 3341 1281 3428 ἐξαθφνης

241 3467 331 3542 αὐτην
354 3465 604 3550 διεκιρκσρθγησε;
628 3466 804 3531 Praeterea
827 3464 902 3530 vide
926 3486 1009 3553 quae
1026 3467 1186 3530 annotata
1201 3470 1283 3531 sunt

241 3610 266 3653 s.
291 3611 321 3655 v.
345 3586 567 3669 ἄναβσρβνρθζω
592 3592 625 3651 et
648 3588 688 3653 cf.
713 3588 846 3673 praefat.
871 3590 889 3673 ξ
912 3589 941 3652 5.

285 3709 464 3792 διακρθζω
506 3710 682 3797 „strepitu,
723 3709 892 3774 clamando
931 3709 1018 3775 inter
1055 3730 1090 3774 se
1129 3709 1280 3778 certare”

241 3832 362 3918 legitur
386 3831 473 3918 apud
496 3831 752 3919 Aristophanem
776 3832 810 3896 iu
827 3831 889 3898 Av.
907 3853 936 3895 v.
955 3832 1031 3896 307.
1053 3830 1113 3918 uq.
1126 3853 1156 3898 v.
1174 3833 1279 3899 1403:

241 3956 369 4037 adprecor
393 3952 442 4019 acri
465 3954 631 4032 βαλανεῦσι
655 3953 886 4034 διακεκραγέναι.
912 3952 960 4018 Of.
985 3973 1069 4040 quae
1093 3950 1280 4019 dictasunt

243 4100 268 4142 s.
292 4100 322 4143 v.
354 4077 543 4159 δισρχεῖσθαι,
576 4098 658 4164 quae
690 4077 799 4140 omnia
831 4081 864 4141 ct
896 4075 936 4140 de
966 4075 1027 4140 hac
1051 4095 1131 4140 voce
1155 4075 1278 4143 valent

242 4198 290 4263 Of.
324 4196 443 4264 deinde
474 4199 573 4263 etiam
605 4219 693 4262 roco.
729 4197 847 4261 διαπίνω
884 4197 1006 4263 lIerod.
1039 4200 1070 4264 9.
1098 4199 1147 4263 16.
1179 4199 1279 4267 διαθὲνι

244 4316 329 4381 Plat.
366 4317 502 4383 Theaet.
537 4318 598 4381 148
632 4337 658 4382 c.
693 4317 840 4406 Simplex
870 4317 962 4400 κρθζω
994 4317 1158 4409 (κέκραγα)
1191 4320 1278 4410 apud
