3000 4642
234 111 276 173 84
642 115 859 196 Δαφνοοτύλιρς.

230 355 402 422 Platonem
425 359 459 422 in
483 358 521 422 fr.
546 360 584 442 3,
601 382 631 424 v.
653 363 690 427 1:
708 357 728 425 ὦ
744 360 852 441 Κινύρα
867 359 995 438 βασιλεῦ
1012 358 1148 438 Κνιιρύων
1164 356 1268 435 άνδρῶν

230 477 449 558 δασυπρώκτων.
474 481 566 545 Idem
590 487 641 546 est
664 481 834 560 δαούοτιιμορ
859 482 967 549 Schol.
989 481 1178 547 Τ11θο01.5.
1200 479 1270 541 112.

230 600 283 664 Ad
315 601 450 667 formam
482 602 520 666 cf.
554 600 747 683 εὐρύπρωκτος
779 603 837 667 Α1.
866 602 950 666 Nub.
977 603 1062 666 1084
1087 622 1157 688 sqq.
1184 597 1269 662 Ach.

232 726 305 788 716.
339 723 469 789 Thosm.
504 725 579 789 200.
604 725 815 804 οτενύτρωκτος
839 723 936 788 Phot.
961 721 1188 804 χαυνότρωκτος
1211 717 1269 781 Ar.
1310 781 1312 784 ,

230 845 313 910 Ach.
341 847 413 910 104.
441 847 489 911 De
513 847 748 935 compositione
773 847 814 912 cf.
838 843 1013 921 βαύύκομος.
1066 923 1067 926 ¹

275 965 511 1048 δαφνοτύλης
561 968 764 1049 ,laurearum
803 964 975 1031 venditor''
1014 962 1102 1051 apud
1141 961 1269 1026 Aristo·

229 1086 370 1172 phanem
398 1087 432 1150 in
456 1086 493 1153 fr.
521 1088 585 1151 764
610 1092 660 1152 est
684 1087 855 1174 epitheton
879 1085 1063 1174 Apollinis,
1088 1082 1267 1149 secundum

230 1206 441 1292 Hesychium.
468 1207 516 1274 (11.
541 1207 684 1289 δαφνίτνς
709 1207 749 1273 de
773 1207 927 1294 Apolline
952 1205 1010 1295 (=
1035 1205 1156 1270 laureis
1177 1223 1268 1267 coro·

229 1330 340 1412 natus)
364 1328 449 1415 apud
476 1328 715 1415 Syracusanos,
736 1329 878 1414 δαφναῖος
896 1329 936 1394 de
953 1328 1070 1394 eodem
1088 1349 1140 1414 ep.
1158 1325 1189 1391 N
1191 1345 1267 1390 onn.

230 1456 263 1515 et
294 1450 334 1514 al.
357 1455 464 1537 poet.;
488 1451 587 1514 etiam
611 1451 795 1534 δαφναφόρος
820 1472 870 1538 ap.
896 1450 1015 1515 Anacr.
1043 1449 1095 1512 11.
1121 1448 1151 1512 6.
1177 1445 1267 1511 Plut.

229 1569 343 1634 Them.
379 1571 437 1652 15,
471 1575 504 1634 et
533 1569 716 1647 δαφνοννύής
740 1571 843 1635 Anth.
868 1571 935 1648 XI,
961 1570 1045 1653 525,
1070 1569 1091 1632 5
1116 1565 1266 1632 nomine·

229 1687 327 1752 batur
357 1688 491 1778 Apollo.
527 1690 607 1755 Veri
642 1691 747 1756 simile
783 1696 833 1756 est
864 1690 1060 1756 vocabulum
1092 1690 1158 1754 iam
1191 1693 1268 1753 ante

229 1807 485 1894 Aristophanem
516 1809 549 1872 in
581 1830 642 1874 usu
672 1810 790 1894 fuisse,
815 1810 872 1876 sed
896 1811 937 1875 ab
962 1832 1001 1876 eo
1025 1810 1149 1875 comice
1173 1829 1266 1873 usur·

229 1931 342 2012 patum
366 1947 437 1992 esse
461 1926 501 1992 de
526 1927 604 2013 deo,
629 1929 681 1993 cui
704 1929 815 1995 laurea
839 1934 1033 2013 sacra-erat.
1058 1929 1109 1995 De
1134 1946 1263 2014 compo-

230 2046 349 2139 sitione
372 2047 412 2111 cf.
437 2048 607 2128 άνριοιτοιύς.
1191 2018 1194 2025 ¹

276 2168 501 2234 δεδειπνάναι
526 2175 560 2234 et
584 2146 772 2247 δεδείπναμεν
795 2171 869 2235 vide
894 2192 920 2235 s.
944 2192 973 2236 v.
998 2169 1160 2250 ipsasciret.

278 2291 390 2366 δέρμα
417 2290 612 2376 „regmen”
636 2289 768 2355 videtur
790 2290 930 2356 inveniri
950 2289 1037 2386 apud
1054 2290 1160 2354 solum
1176 2287 1267 2353 Aris-

232 2411 408 2499 tophanem
431 2412 466 2474 in
489 2411 569 2476 Ach.
593 2432 623 2474 v.
651 2413 754 2476 1059:
779 2413 814 2485 ὥς
837 2418 967 2497 γελοῖον,
992 2406 1013 2474 ὦ
1033 2409 1267 2489 ύεο1,τὸ’δέκρια

231 2540 283 2606 τῆς
314 2532 442 2613 νύμφας.
474 2531 592 2596 Formo
623 2531 815 2597 secundaria
846 2537 896 2597 est
927 2537 978 2597 τοῦ
1012 2529 1145 2613 „iinon”
1177 2527 1264 2617 apud

232 2653 311 2718 alios
343 2653 534 2739 scriptores,
564 2653 601 2717 cf.
633 2652 717 2717 Plat.
750 2652 851 2718 Conv.
888 2655 995 2719 1832.
1027 2653 1121 2718 Dem.
1151 2653 1206 2717 29.
1232 2654 1263 2715 4.

232 2774 318 2837 Plut.
350 2772 423 2837 Tib.
455 2772 589 2837 Gracch.
614 2774 643 2835 6.
668 2771 785 2837 Timol.
810 2775 840 2837 5.
864 2773 915 2838 De
939 2772 1042 2837 forma
1066 2772 1105 2836 cf.
1129 2771 1266 2849 βωμολύ-
1328 2819 1331 2823 -

232 2918 346 2975 χενμα.

278 3014 445 3101 δειλάκρα
469 3011 532 3085 adi.
556 3012 631 3078 fem.
656 3012 730 3078 vide
755 3013 889 3082 advoc.
913 3014 1087 3094 δειλακρίων.

278 3135 480 3215 δειλακρίων
515 3132 729 3215 „miserrime”
753 3134 873 3220 legitur
896 3135 982 3222 apud
1007 3135 1264 3222 Aristophanem

233 3258 267 3322 in
291 3257 354 3321 AV.
378 3279 408 3335 v,
436 3257 515 3320 143:
540 3250 560 3318 ὦ
585 3254 748 3335 δειλακρίων
771 3257 807 3320 οὺ
830 3260 885 3319 τῶν
900 3262 996 3320 κακῶν
1011 3253 1070 3321 οἵων
1087 3259 1171 3340 ε’ρρῖς,
1188 3254 1265 3319 Pac.

234 3400 263 3443 v.
292 3380 363 3442 193.
393 3377 528 3458 (Schola
553 3374 726 3458 δειλότατε).
751 3376 827 3440 Adi.
851 3376 926 3441 fem.
951 3377 1120 3458 δειλάκρα
1143 3375 1265 3461 legitur

234 3498 320 3563 Plut.
352 3520 380 3562 v.
413 3490 494 3571 973:
528 3498 584 3572 syc
616 3497 644 3560 δὲ
675 3497 908 3574 κατακέκνισμαι
932 3498 1083 3590 δειλάκρα.
1111 3497 1160 3562 Of.
1185 3495 1265 3560 Ath.

237 3621 287 3681 15.
314 3620 376 3682 697
401 3618 429 3680 Β
453 3617 487 3681 in
513 3616 640 3707 cantico
665 3593 839 3682 Locrensi:
865 3619 905 3695 μὴ
928 3619 1016 3683 κακὸν
1039 3618 1124 3695 μέγα
1146 3616 1264 3697 νιοιύορι

235 3740 312 3816 κάμὲ
343 3739 399 3803 τάν
430 3737 594 3817 δειλάκραν.
625 3738 676 3802 Do
706 3759 794 3804 voco.
827 3739 860 3802 in
892 3764 941 3802 -ων
972 3739 1047 3804 vide
1071 3759 1155 3825 quoe
1179 3736 1267 3801 dicta
1301 3732 1303 3736 ⁴

235 3868 312 3947 sunt
335 3883 360 3926 s.
384 3883 413 3926 v.
436 3861 562 3938 γλύκων.

281 3984 499 4046 δειλοκοπεῖν
530 3982 551 4045 i.
577 4003 605 4046 e.
639 3980 831 4066 ,,ε’ξαιιοιτάν,
855 3979 1010 4062 ε’κΦοβεῖν”
1035 3982 1155 4068 legitur
1179 3980 1266 4068 apud

236 4102 451 4189 Hermippum
483 4103 518 4164 in
548 4101 585 4165 fr.
618 4103 670 4165 88.
704 4102 751 4166 of.
784 4103 954 4180 δημοκοπεῖν
978 4101 1186 4190 (decipiendo
1209 4122 1266 4190 po·
