3044 4926
245 391 265 454 2
677 387 847 471 Ἀγανρίζω.

242 637 274 702 σίν
304 638 346 714 μὴ
376 636 457 717 ἔχειν
487 636 574 713 γοὶλα
601 623 798 715 οὶγαλανσίαν
821 639 893 710 τινὲς
922 638 1077 715 ὠνόμασαν
1100 639 1160 723 (sio
1185 637 1279 705 oodd.

242 757 330 841 BC,
362 757 560 834 οὶγαλακτνῖον·
581 768 629 835 A,
661 762 835 836 γαλακπνῖον
858 758 978 844 Bekk.)
1002 758 1079 826 Adi.
1102 760 1281 837 οίγοίλαασος

242 880 326 964 (sine
357 880 473 963 laetat)
509 879 667 967 Hippoor.
702 880 1022 967 (οίπογοολακσνσίείςι)
1059 881 1180 947 Aesoh.
1216 884 1280 969 Ag.

244 1001 319 1068 700.
344 1000 470 1066 Gallim.
498 1003 526 1065 1.
553 1003 605 1066 53.
641 1001 783 1067 Nomina
806 1001 1051 1070 denominativa
1074 1005 1108 1070 in
1132 1007 1178 1070 -ία
1203 1027 1281 1072 exo·

242 1123 335 1189 untia
366 1123 496 1211 saepius
528 1128 650 1189 statum
686 1123 892 1211 significant,
924 1126 964 1191 oi.
995 1126 1077 1201 ὑηνία
1101 1127 1178 1192 Pac.
1203 1129 1280 1194 928.

242 1246 411 1326 οὶκερμαπία
436 1244 492 1311 Ar.
518 1245 555 1310 fr.
583 1247 634 1310 15.
659 1246 857 1324 εὐρυπρωκτίαν
880 1245 964 1314 th.
990 1249 1074 1332 843,
1099 1249 1227 1314 similia.

286 1364 461 1446 οὶγκυρίζω
508 1365 724 1453 „supplanto”
765 1371 816 1431 ast
855 1366 992 1432 verbum
1031 1368 1281 1455 palaestricum,

243 1488 329 1575 quod
353 1488 538 1576 explicatur
560 1510 619 1575 per
642 1490 864 1554 καταπαλαίενν
888 1490 956 1556 siva
972 1491 1123 1567 κάμπτειν
1138 1493 1187 1556 σὸν
1204 1493 1282 1557 πόδα

241 1608 359 1692 (Bokk.
384 1608 511 1675 Aneod.
539 1612 568 1674 1.
593 1611 701 1694 321),
726 1631 785 1675 seu
809 1609 986 1692 ὑποσκελίζυ
1009 1611 1159 1696 (Sahal).
1184 1614 1282 1702 Legi·

242 1734 296 1795 tur
318 1719 405 1817 apud
428 1730 683 1817 Aristophanem
705 1731 741 1820 in
766 1730 825 1818 Eq.
850 1753 880 1797 v.
906 1733 989 1796 262:
1014 1731 1163 1812 διαλαβὼν
1186 1735 1282 1812 syno-

240 1852 342 1937 ρίσοος,
377 1847 430 1917 εἶτ’
464 1851 655 1934 ἀποστρέψας
689 1852 738 1917 τὸν
768 1849 843 1930 ὦμον
876 1855 964 1920 αὐτὸν
996 1855 1214 1933 ἐνεκολήβασας
1247 1863 1282 1922 et

241 1971 358 2060 Eupol.
384 1971 423 2037 fr.
448 1974 523 2036 262.
549 1972 589 2040 of.
614 1964 792 2060 praeful}
816 1976 877 2039 32.

286 2096 436 2172 ἀγλαῶς
471 2093 663 2160 νᾶνυνὶνίυω
694 2094 801 2181 signif.
838 2094 1045 2183 „splendida,
1078 2089 1279 2163 liberaliiar'’

241 2213 328 2303 apud
358 2215 526 2305 Aristoph.
558 2215 593 2280 in
616 2215 692 2301 Lyn.
717 2236 747 2283 v.
766 2217 848 2281 640:
873 2219 998 2292 ἀγλαῶς
1025 2216 1125 2297 ἔθρεψέ
1148 2241 1197 2294 με.
1221 2215 1282 2281 Est

240 2338 327 2403 inter
362 2358 401 2402 ea
435 2336 608 2421 adverbia,
645 2335 686 2402 da
722 2336 841 2425 quibus
873 2337 941 2402 dixi
973 2337 1109 2425 praefat.
1148 2339 1233 2423 §10
1249 2362 1280 2403 α.

242 2458 451 2525 Αᾱίοο11νυω
483 2457 599 2535 ἀγλαὸς
624 2456 702 2524 inda
726 2458 767 2523 ab
792 2458 937 2525 Homero
960 2465 1137 2547 usurpatur
1160 2481 1180 2524 a
1203 2460 1282 2525 Pin·

245 2582 341 2668 daro,
366 2581 467 2670 Soph.
492 2581 604 2670 Eurip.

287 2704 469 2786 οίγίμφνος
504 2703 580 2790 „qui
611 2700 728 2767 dentes
761 2703 917 2785 molares,
941 2703 1105 2788 γομφίους,
1131 2722 1198 2766 non
1220 2701 1278 2766 ha·

243 2823 321 2889 bat’'
352 2822 472 2909 legitur
504 2844 555 2910 ap.
590 2822 738 2887 Dioolom
770 2823 804 2887 in
835 2823 873 2886 fr.
901 2825 961 2904 14,
994 2843 1024 2887 v.
1059 2824 1096 2885 4:
1129 2822 1281 2902 οὶγίμφνσυ

138 3006 142 3013 .
244 2947 332 3010 αἰῶνα
355 2947 449 3027 τρίψει
474 2945 513 3009 ef.
538 2942 643 3009 Bekk.
668 2943 795 3010 Aneod.
820 2946 905 3028 339,
934 2945 992 3010 15:
1018 2945 1170 3020 οίγόμΦνος
1194 2944 1279 3009 αἰών·

243 3067 331 3140 οὕτως
360 3067 463 3143 ἔλεγον
493 3068 542 3132 τὸν
565 3067 675 3147 χρόνον,
699 3067 728 3131 ἕν
752 3061 772 3147 ᾧ
795 3091 839 3138 σος
863 3069 955 3145 ὠροῖσο
978 3067 1171 3146 γεγηρακώς·
1197 3068 1281 3145 παραὶ

243 3191 276 3255 πὸ
306 3191 348 3266 μίν
380 3191 481 3254 ἐνεῖναι
505 3195 564 3261 σοῖς
594 3187 707 3266 γέρουσι
735 3189 800 3260 τοὺς
824 3188 981 3268 γομφίους.
1006 3188 1135 3268 Γόμφνος
1160 3186 1283 3272 legitur

245 3335 295 3400 ap.
327 3312 407 3377 Her.
439 3314 468 3376 9.
503 3313 556 3376 83.
589 3311 644 3376 Ar.
676 3310 751 3375 Pan.
783 3313 835 3376 34.
860 3311 946 3377 Ran.
971 3310 1045 3374 512.
1071 3309 1156 3374 Xen.
1183 3308 1282 3377 Mem.

249 3438 274 3497 1.
308 3435 338 3496 4.
372 3435 408 3515 6,
446 3433 535 3496 alios.
561 3431 767 3496 Vocabulum
798 3430 949 3511 οὶγόμφνος
981 3431 1124 3517 pertinet
1157 3429 1198 3494 ad
1222 3452 1282 3507 aa,

245 3572 328 3637 quae
359 3551 539 3636 composita
570 3556 649 3615 sunl
682 3571 700 3615 a
732 3551 863 3615 nomine
887 3555 922 3614 at
944 3573 965 3613 α
988 3550 1165 3636 privativo,
1192 3549 1283 3615 volut

245 3673 432 3752 ἄσπλαγχος
478 3672 563 3737 Plat.
603 3672 640 3738 fr.
688 3674 760 3736 113.
804 3672 922 3749 ἄνοργος
966 3670 1088 3737 Cratin.
1128 3671 1164 3735 fr.
1206 3672 1282 3736 385.

245 3795 415 3874 οὶμοίχοαρος
451 3792 603 3858 Phereer.
639 3792 676 3856 fr.
714 3795 766 3859 82.
800 3791 943 3863 ἄσπονδος
980 3791 1096 3877 Eupol.
1133 3792 1170 3855 fr.
1198 3793 1282 3874 234,

247 3913 374 3979 similia.

290 4033 493 4112 οὶγρνοποιίς
529 4034 664 4113 „heroas
695 4034 780 4099 faros
813 4040 846 4098 et
877 4034 1034 4097 immanes
1067 4031 1227 4098 inducens
1250 4034 1285 4098 in

247 4155 397 4221 soenam'’
421 4157 553 4239 (ἀγρίους
577 4155 736 4233 είοοίγονπα
761 4158 808 4221 καί
834 4159 926 4231 ὠμοὺς
951 4157 1016 4227 τοὺς
1041 4155 1132 4233 ἥρωας
1150 4157 1284 4240 Sobel),

247 4277 367 4362 legitur
391 4299 441 4364 ap.
468 4278 635 4365 Aristoph.
661 4278 694 4342 in
719 4280 803 4344 Ran.
830 4302 858 4344 v.
888 4281 962 4343 837.
989 4280 1027 4343 cf.
1050 4279 1234 4360 πσωχοπονίς
1251 4285 1285 4344 at

248 4399 408 4480 χαλοπονὸς
439 4401 472 4464 in
504 4400 618 4466 eadem
651 4400 770 4468 fabula.
820 4402 910 4466 llaeo
940 4401 1003 4466 tria
1027 4400 1185 4467 voeabula
1208 4407 1286 4466 sunt
