3044 4926
744 1233 780 1337 l.

287 1526 414 1606 Ἰαιβιῖ
457 1525 642 1592 interiectio
689 1525 949 1612 indignationem
994 1527 1151 1615 exprimit
1192 1525 1266 1618 opud

241 1648 453 1738 Aristophan.
484 1648 519 1713 in
549 1648 610 1736 Eq.
634 1670 662 1714 v.
696 1649 772 1732 891,
802 1648 963 1714 laetitiam
985 1650 1020 1715 in
1045 1651 1147 1739 Vesp.
1175 1652 1290 1732 1938ε,

241 1767 299 1854 ι’ἰριί
329 1771 362 1851 γ’
393 1769 447 1837 ἰσί’
481 1772 518 1843 ὥς
549 1769 606 1837 οὐδ’
637 1770 747 1836 ιίκαιίαν
774 1773 922 1853 αἰνέχνμαι
950 1771 1050 1860 δικῶνς
1074 1773 1171 1853 ἰαιβοῖ
1189 1772 1267 1852 αἰβνί.

242 1894 294 1961 cf.
319 1914 344 1958 s.
368 1915 398 1959 ν.
424 1891 508 1971 αἰβοῖ
528 1897 562 1958 et
585 1892 721 1980 praefat.
746 1896 764 1978 ξ
788 1896 818 1959 6.
900 1986 904 1991 η

286 2012 448 2093 ἰαμβύκη
480 2034 604 2101 „genus
628 2014 837 2081 instrumenti
861 2015 995 2082 musici’
1020 2024 1071 2084 est
1094 2039 1148 2106 ap.
1172 2018 1269 2108 Enpe-

241 2137 288 2201 lin
312 2136 347 2200 in
369 2135 408 2201 fr.
424 2137 505 2220 139,
528 2157 558 2200 v.
578 2138 617 2200 4:
647 2142 755 2218 „asinoe
778 2137 911 2215 νυκτερίν’
926 2135 989 2218 εὗρε
1003 2145 1119 2220 μοιχοῖς
1135 2137 1268 2218 ἀείσματ’

242 2259 427 2324 ἐκκαλεῖσθαι
457 2263 601 2335 γυναῖκας
635 2259 750 2339 ἔχουσιν
780 2261 823 2343 (v.
848 2259 974 2346 Herw.)
996 2258 1149 2338 ἰαμβύκην
1171 2285 1205 2327 τε
1225 2258 1268 2325 καί

242 2380 406 2464 τρίνιιννν”.
442 2380 586 2469 Hesych.
612 2381 779 2458 ἰαμβῦκαι·
803 2381 914 2460 ὄργανα
937 2382 1082 2480 μαντικὰ,
1105 2384 1135 2448 ἐν
1157 2378 1196 2457 οἰκ
1211 2384 1269 2455 rote

243 2502 370 2582 ἰάμβους
404 2500 476 2584 ᾖδον.
516 2501 673 2568 Similiter
704 2502 842 2568 Photius
866 2525 890 2567 s,
916 2525 945 2568 v.
970 2502 1057 2570 Vide
1081 2503 1206 2572 Athon.
1225 2506 1269 2569 14.

246 2628 311 2691 636
327 2625 359 2691 b.
396 2623 731 2711 deprecasset.

287 2745 521 2827 ἰατριτέχνης
564 2745 639 2832 „qui
678 2743 796 2809 medici
832 2749 935 2810 artem
971 2744 1124 2812 exercet''
1160 2746 1272 2834 legitur

242 2866 330 2955 apud
362 2865 617 2953 Aristophanem
648 2866 682 2930 in
713 2865 799 2931 Nub.
831 2887 861 2931 v.
894 2867 975 2932 332:
1007 2868 1168 2941 ταείττινι
1188 2864 1271 2934 αὗται

242 2990 378 3068 βδτκαιτι
412 2988 576 3069 σοφιστὰς,
612 2987 836 3066 θονριαμαίντεις,
870 2988 1073 3070 ἰατροτέχνας.
1113 2989 1271 3070 „Melicos

242 3110 372 3178 videtur
398 3110 591 3197 intellegere
616 3131 671 3175 eos
695 3110 751 3198 qui
774 3110 827 3175 vel
850 3110 980 3198 publice
1004 3109 1269 3188 conducerentur,

242 3233 295 3300 vel
329 3232 385 3320 qui
419 3232 454 3296 in
484 3236 643 3318 prytaneo
674 3231 773 3297 etiam
806 3231 993 3298 alerentur”
1024 3233 1181 3321 (Blayd.).
1225 3234 1270 3300 De

241 3350 477 3440 compositione
513 3351 553 3417 cl.
589 3352 790 3434 νῖκφιτίχρως.
831 3354 954 3419 Contra
987 3355 1211 3437 ῖατρνσιφιστιὶς
1241 3360 1271 3422 ot

240 3472 452 3555 ἰατραλείττης
476 3478 553 3537 sunt
577 3473 829 3561 compositiones
846 3475 1067 3561 copulativae,
1084 3477 1170 3543 siout
1185 3475 1271 3559 ἰατρί·

240 3620 365 3674 μαντιι,
389 3593 592 3675 χηναλώπηξ,
615 3595 798 3679 ypocritam,
822 3596 950 3664 similia.

287 3718 468 3784 ἰατταταῖ
488 3716 672 3782 interiectio
698 3714 842 3782 dolorem
866 3717 1022 3804 exprimit
1045 3717 1132 3805 apud
1153 3719 1270 3785 Aristo

243 3841 383 3929 phanem
414 3840 448 3904 in
479 3838 538 3927 nq.
563 3860 593 3903 ν.
621 3841 648 3902 1.
680 3839 765 3904 Idan.
797 3861 827 3904 ν.
861 3841 936 3906 649.
972 3838 1104 3906 Thesm.
1138 3862 1169 3908 v.
1201 3841 1270 3908 229.

246 3966 348 4031 1005;
384 3964 521 4029 ιίτταταί
548 3964 709 4028 ἰατταταῖ·
736 3967 831 4035 κακῶς
854 3962 983 4027 antioc.
1020 3961 1069 4028 Of.
1092 3960 1271 4038 ἰατταταιαξ

243 4107 268 4150 s.
286 4108 327 4169 v.‚
350 4088 488 4150 ἀτταταῖ
508 4083 568 4150 Th.
591 4085 666 4148 223.
691 4083 774 4148 noh.
796 4086 891 4148 1198.
918 4122 958 4131 -
983 4083 1069 4149 Vide
1085 4085 1187 4172 prael.
1211 4087 1269 4173 §d

287 4203 513 4283 ἰατταταινίξ
542 4205 646 4271 forma
669 4206 791 4271 comice
815 4205 974 4292 producta
998 4206 1040 4272 ab
1063 4208 1212 4274 ἰατταταῖ
1230 4208 1270 4274 la·

244 4325 332 4415 gitur
366 4325 451 4415 apud
489 4325 656 4414 Aristoph.
693 4326 751 4413 Eq.
779 4328 816 4393 l:
861 4325 1045 4405 ἰατταταιὰξ
1080 4333 1137 4395 τῶν
1172 4334 1271 4397 nstv.
