3044 4926
669 349 847 428 Διαμάττον.
1237 351 1279 416 93

239 600 333 688 toph.
358 601 393 665 in
415 600 452 666 fr.
479 603 559 668 686:
585 600 633 667 τίν
656 600 800 680 σανιίρδιρν
822 603 964 666 ἀτοτίλαι
988 597 1281 684 χρὴκρίτ’ἕκτλῦνοιι

238 720 291 786 καί
324 721 499 800 διατλῦναι,
533 723 626 788 ouius
658 722 750 788 verbi
782 723 922 809 simplex
950 726 1000 788 est
1024 743 1075 809 ep.
1101 722 1285 809 complures

240 842 417 930 scriptores
440 863 507 907 non
533 843 683 908 oomieos.

286 962 475 1040 διαμάττω
505 964 604 1044 κυρίως
636 969 814 1052 usurpetur
845 962 932 1050 apud
963 962 1133 1051 Aristoph.
1162 963 1196 1027 in
1220 963 1282 1050 sq.

238 1107 271 1152 v.
310 1087 413 1150 1105:
452 1087 510 1161 ἐγὼ
546 1082 656 1174 (ποριῶ)
690 1083 840 1165 μαζίσκας
877 1109 914 1163 γε
949 1083 1201 1163 διαμεμαγμένας
1239 1116 1279 1141 =

241 1205 421 1294 „depsere,
447 1205 617 1293 subigere”
644 1205 804 1296 (διαφοράν
829 1208 869 1272 τά
893 1206 1014 1292 ἀλφιτα
1030 1208 1098 1285 τορὸς
1114 1208 1147 1274 τί
1164 1216 1281 1283 τοιῆσαι

240 1328 344 1410 μάζας
368 1334 448 1395 vett.
473 1329 608 1417 lexim),
632 1313 878 1411 καταχρηστικῶς
896 1336 1007 1396 autem
1022 1331 1057 1395 in
1073 1331 1136 1396 Av.
1153 1352 1183 1394 v.
1201 1333 1282 1414 463,

242 1452 312 1516 soil.
344 1450 517 1531 διαμάττειν
540 1451 645 1537 λόγον,
671 1451 759 1540 quod
783 1452 927 1538 Bleydos
952 1453 1111 1540 explieat:
1139 1453 1191 1535 „in
1216 1453 1283 1539 ple·

241 1576 358 1637 centes
390 1572 526 1637 formem
559 1573 743 1659 subigere'',
777 1574 798 1637 i.
823 1594 852 1639 e.
885 1578 1035 1661 peretum
1058 1573 1207 1640 reddere.
1232 1573 1282 1641 of.

240 1692 349 1780 simpl.
381 1694 488 1770 μάττω
522 1690 734 1782 (ἀστειοτάτας
765 1694 906 1786 ἐπινοίας)
941 1696 1003 1783 Eq.
1027 1696 1103 1764 539.
1131 1735 1170 1746 -
1196 1695 1282 1762 Vide

239 1814 344 1901 praef.
369 1816 387 1899 ξ
411 1816 441 1879 5.

288 1934 490 2018 διάμετροςΙ
509 1936 670 2022 signifieat
697 1936 892 2018 ,,σταφν’λνν,
912 1936 981 2018 ἀτερ
996 1937 1073 2003 ἐστίν
1096 1936 1185 2016 ὄνομα
1200 1936 1283 2020 ταρά

239 2065 300 2130 τοῖς
332 2057 535 2139 ἀρχιτέκτοσιν
564 2057 612 2122 ἕτί
645 2066 697 2132 τῆς
730 2060 899 2137 καίοεμένκς
930 2059 1079 2138 μολύβδου
1105 2060 1281 2144 τιίέμενον”,

242 2179 406 2269 (Sobel),
431 2179 518 2267 apud
542 2179 710 2267 Aristoph.
734 2181 769 2244 in
793 2182 876 2246 Ren.
902 2203 932 2246 v.
951 2184 1026 2247 801.
1052 2181 1214 2258 Διάμετρος
1231 2187 1282 2247 est

244 2302 353 2384 „linea
387 2301 589 2387 diagonalis'’
621 2323 673 2389 ap.
704 2303 790 2367 Plet.
822 2301 910 2369 Men.
944 2306 986 2369 85
1002 2305 1052 2383 b.‚
1087 2305 1197 2384 „exis”
1229 2326 1280 2392 ep.

241 2423 317 2489 Pol.
342 2424 373 2490 4.
399 2424 452 2487 39.
476 2422 557 2488 Luo.
583 2421 706 2508 Cetepl.
734 2425 784 2486 14.
811 2459 851 2469 -
877 2423 923 2488 of.
947 2423 1047 2510 praef.
1072 2426 1090 2508 ξ
1114 2424 1183 2499 2β.

289 2542 544 2624 διαμινύρομαι
580 2543 736 2629 „querula
765 2563 845 2608 roeo
877 2543 996 2609 oento''
1029 2545 1212 2632 explicetur
1240 2545 1281 2609 eb

245 2666 291 2730 H.
326 2663 511 2751 Stephan03
543 2662 664 2748 legitur
694 2662 782 2749 epud
813 2663 1068 2752 Aristophanem
1090 2665 1125 2729 in
1149 2666 1281 2731 Thesm.

241 2811 274 2855 v.
305 2789 384 2852 100:
409 2784 558 2867 μάρμκκος
581 2782 731 2864 ἀτραποὺς
747 2784 764 2859 ἀ
780 2784 812 2848 τί
825 2785 1042 2867 διαμινύρεταις
1060 2784 1282 2867 διαμιννρίζεται

239 2908 349 2990 libri„
375 2906 466 2974 Suid.
504 2907 532 2971 τί
561 2906 593 2980 δὴ
624 2905 801 2987 μιννρίζεται
841 2905 984 2972 Meinek.
1018 2909 1101 2973 ooni.
1135 2910 1283 2998 Simplex

240 3030 396 3112 μινιίρομαι
420 3028 542 3114 legitur
565 3027 652 3115 apud
675 3026 801 3093 Aeseh.
826 3027 890 3114 Ag.
911 3029 959 3094 15.
986 3028 1085 3116 Soph.
1111 3028 1192 3095 Oed.
1216 3030 1284 3096 Ool.

244 3155 321 3220 702.
344 3151 403 3218 Ar.
426 3150 514 3216 Eeol.
541 3152 622 3236 880,
649 3148 780 3231 μινυρίζω
808 3171 860 3238 ep.
885 3150 983 3215 Hom.
1008 3152 1177 3239 Aristoph.
1201 3156 1234 3217 et
1250 3151 1285 3216 in

241 3293 349 3362 prose:
375 3309 420 3320 -
444 3270 493 3336 Ol.
518 3269 653 3357 presset.
678 3273 696 3356 ξ
720 3273 750 3336 5.

290 3391 534 3470 διαμννιλαίνσ
583 3391 721 3474 „irrideo
762 3397 795 3457 et
833 3391 936 3456 illudo
978 3392 1123 3458 distortis
1161 3393 1284 3458 lebris”

240 3516 365 3603 legitur
396 3513 483 3601 epud
516 3513 683 3602 Aristoph.
708 3514 743 3577 in
766 3514 865 3600 Vesp.
891 3536 921 3578 r.
949 3515 1050 3578 1315:
1074 3511 1154 3587 οὗτος
1177 3515 1206 3579 δὲ
1229 3515 1284 3579 διε-

241 3635 406 3711 μύλλαινεν
445 3635 482 3706 νίς
520 3633 553 3707 δὴ
588 3631 686 3710 δεξιός.
733 3633 857 3699 schol:
893 3634 934 3699 τά
967 3635 1057 3714 χείλη
1092 3635 1284 3716 διαστρέφειν.

244 3758 372 3845 Phryn.
407 3755 513 3823 Bekk.
549 3779 578 3843 p.
615 3759 674 3821 36:
710 3755 742 3820 τὸ
778 3757 818 3838 τῷ
849 3756 977 3833 στόματι
1008 3757 1285 3840 διασχηματίζοντα

244 3881 400 3959 διαγελάν.
434 3879 518 3945 Poll.
550 3879 595 3944 II.
628 3881 688 3944 90:
719 3880 752 3945 τὸ
776 3879 805 3943 δὲ
828 3880 959 3944 διακονεῖν
983 3881 1025 3946 τά
1048 3882 1136 3962 χείλη
1161 3882 1285 3961 δικμνλ·

247 4002 376 4068 λαίνειν·
399 4000 448 4065 καί
469 4001 528 4080 γάρ
544 4001 584 4065 τά
599 4000 689 4082 χείλη
705 4001 829 4078 posis
845 4002 1111 4085 προσαγορεύουσιν.
1136 4005 1284 4093 Simplex

245 4124 401 4204 μνλλαίνον
433 4127 526 4189 extet
557 4123 591 4187 in
623 4129 726 4189 veter.
758 4125 839 4208 lex,
872 4125 929 4189 ubi
960 4125 1059 4190 etiem
1083 4125 1146 4191 edi.
1172 4127 1285 4203 μνλλίς

246 4251 283 4313 et
306 4246 394 4312 verb.
418 4243 535 4321 μάλλον.
561 4281 602 4291 -
629 4244 677 4310 Cf.
702 4245 801 4333 praef.
826 4248 843 4330 ξ
868 4248 896 4311 5.

294 4365 437 4448 διανίζω
476 4363 618 4448 „abluo”
649 4366 769 4451 legitur
800 4364 886 4452 apud
914 4364 1079 4432 Oretelem
1104 4367 1137 4432 in
1161 4368 1197 4432 fr.
1227 4369 1284 4450 14,
