3044 4926
247 345 310 408 108
645 339 884 419 Ἐνκοιτοικρσύω.

290 586 563 669 ἕνκκοοικρούω
587 586 694 675 signif.
722 587 871 675 „pulsare
895 584 1066 653 choream’'
1088 586 1177 675 apud
1194 587 1281 654 Aris·

244 710 421 797 tophanem
445 709 479 774 in
503 710 589 775 Ran.
617 731 647 774 v.
666 710 748 775 330:
773 708 873 789 ύροισεῖ
886 705 1109 790 ἐγκατακρούων
1133 707 1208 799 aoht.
1233 709 1282 777 01.

244 852 313 900 voe.
329 832 462 912 ἕνκρούω.
490 830 640 919 Simplex
655 829 760 909 κρούειν
777 829 891 896 eodem
908 851 1007 896 sensu
1023 830 1146 917 legitur
1161 830 1240 897 Eur.
1256 831 1284 900 Ι.

244 955 286 1020 Α.
315 956 410 1019 1043.
435 954 534 1019 Hero.
554 953 650 1018 1304.
673 952 747 1018 Arr.
765 953 828 1018 An.
847 955 876 1018 7.
896 955 922 1017 l.
942 955 972 1036 7,
988 951 1153 1033 ἀνακρούειν
1169 953 1284 1035 χορεύιρν

244 1075 351 1140 Νοιιιι.
377 1075 473 1141 Dion.
501 1076 551 1140 13.
576 1076 650 1140 504.
686 1074 784 1162 Apud
809 1075 975 1162 sequioros
998 1074 1207 1155 ἕνκκτιικρούιν
1234 1082 1285 1141 est

248 1194 403 1283 „infigere
416 1193 484 1262 in.”
501 1194 729 1274 Ἐνκοισοικρούω
745 1194 787 1260 ab
803 1193 1021 1282 Aristophane
1038 1194 1217 1260 formatum
1234 1199 1286 1260 est

246 1341 265 1385 a
282 1319 387 1406 simpl.
402 1316 488 1401 κρούω
505 1317 633 1383 duabus
649 1315 946 1405 praepositionibus
962 1315 1173 1403 antepositis,
1189 1327 1285 1382 κοιτά-

243 1439 331 1519 κρούω
356 1439 471 1505 saltem
496 1437 556 1504 hae
579 1438 714 1504 notione
738 1459 805 1505 non
828 1437 959 1523 legitur.
984 1436 1031 1503 Oi
1056 1436 1157 1503 etiam
1182 1438 1283 1520 ε’γιιρο·

248 1568 309 1627 τεῒν
332 1582 383 1649 ap.
408 1561 543 1626 Theoer.
571 1563 621 1625 18.
649 1562 682 1626 7:
715 1561 753 1632 εἰς
776 1557 806 1623 ἓν
827 1557 917 1637 μέλος
940 1558 1143 1640 ἕνκροσὲοιισοοι
1166 1561 1281 1626 ποσσίν.

288 1683 454 1766 ἔγκοιφος
478 1681 640 1769 signifieat
667 1681 719 1764 „rt
742 1678 920 1762 ε’λύχιστον”
937 1702 1000 1747 seo.
1024 1682 1143 1748 Zonar.
1165 1684 1233 1748 603
1249 1688 1284 1749 et

243 1803 393 1869 Eustath.
422 1804 518 1871 1481.
544 1804 586 1870 34
610 1808 644 1868 et
667 1802 788 1889 legitur
812 1801 898 1889 apud
922 1802 1066 1890 Eupolin
1090 1803 1125 1868 in
1141 1803 1180 1868 fr.
1200 1804 1283 1870 33οι

242 1929 273 1993 ού
295 1927 356 2005 γὰρ
378 1924 533 1991 λέλειπται
557 1930 613 1990 τῶν
637 1926 714 2001 ἐμῶν
738 1922 796 1990 οὐδ’
811 1907 969 2008 'tysanae
986 1924 1123 2011 proprie
1143 1924 1284 2008 ,frustu-

242 2047 327 2131 lum‚
351 2044 472 2128 ψωμύς”
497 2045 554 2130 (Η.
581 2043 723 2134 Steph.).
748 2045 796 2112 Of.
821 2042 965 2124 ε’γκύιιτω
986 2045 1047 2112 sub
1071 2066 1163 2112 voce.

287 2165 497 2248 ἕνκιλικύζω
544 2166 730 2253 „imponere
774 2165 871 2231 alieni
910 2164 1082 2232 oilioatim''
1118 2166 1282 2254 (Grotius)

241 2288 362 2375 legitur
387 2308 437 2375 ap.
463 2287 696 2354 Pherecratem
719 2288 753 2352 in
777 2289 815 2353 fr.
843 2291 924 2354 166:
948 2289 994 2354 otei
1020 2290 1084 2355 ποθ’
1110 2292 1181 2370 ιὶμῑν
1203 2290 1282 2370 ἐγκι-

241 2392 379 2492 λικύζονσ’
410 2409 435 2474 οἱ
467 2410 531 2475 tert.
557 2409 606 2475 Of.
629 2409 737 2496 Etym.
762 2431 803 2474 m.
828 2409 983 2493 ἐνκιλίζειν
1005 2411 1039 2478 τὸ
1062 2410 1280 2495 οιονιρρεύεούιιι,

242 2532 302 2598 ύιιὸ
325 2540 377 2607 τῆς
402 2537 457 2597 τῶν
480 2531 603 2597 Κιλίκων
626 2532 769 2613 οιονκρίοις.
795 2532 917 2605 Κύλικοις
941 2533 1147 2614 νὰρὲύνοςὲοι)
1160 2534 1280 2617 ampla

242 2649 486 2733 διοιβοιλλύμενον.
510 2652 634 2719 Eadem
658 2653 726 2719 iere
752 2653 872 2719 docent
896 2653 993 2719 Phot.
1019 2658 1053 2719 et
1077 2653 1170 2720 Suid.
1199 2653 1280 2721 Ver·

241 2775 320 2840 bum
344 2774 443 2840 etiam
466 2773 587 2859 legitur
612 2772 698 2861 apud
722 2773 977 2860 Aristophanem
997 2775 1032 2839 in
1048 2774 1086 2842 fr.
1107 2776 1190 2841 105:
1207 2773 1278 2854 εἴγ’

242 2894 468 2979 ἕνκιλικύσοιιρί,
494 2893 653 2979 ἐξολοίμην,
676 2895 750 2978 <pati
771 2895 876 2974 λέγων,
900 2894 1034 2961 secund.
1058 2895 1278 2962 coniecturam

243 3017 387 3104 Bergkii,
404 3016 461 3083 ubi
478 3022 589 3082 tamen
607 3017 711 3083 Koek.
729 3022 883 3083 annotat:
910 3017 982 3100 „hio
998 3017 1077 3105 quid
1095 3017 1278 3105 signifioare

242 3136 345 3224 possit
383 3134 520 3203 neseio''.
560 3136 707 3224 Simplex
742 3135 869 3218 κιλικίζω
909 3144 942 3204 et
963 3137 1081 3227 subet.
1116 3139 1278 3218 κιλικισμύσ

244 3257 456 3324 inveniuntur
467 3260 501 3324 in
524 3264 604 3325 vett.
628 3259 692 3325 lex.

288 3379 572 3463 ἔγκοισιιροῦούοοι
610 3380 791 3468 „Ooesyrae
826 3380 970 3447 moribus
1000 3379 1122 3448 imbui’'
1156 3382 1277 3471 legitur

242 3500 328 3588 apud
352 3500 520 3588 Aristoph.
543 3501 578 3566 in
601 3501 687 3567 Nub.
712 3524 743 3569 v,
769 3505 828 3569 48:
854 3503 945 3568 ἔκειτ’
959 3503 1062 3582 ἔρημοι
1081 3504 1276 3582 meraniae

241 3620 401 3704 οἱδελφιέῆν
416 3628 572 3705 τρνφῶσιιν
583 3622 867 3704 ἐγκεκοισυρωμένην.
894 3625 1001 3690 Schol.
1018 3625 1060 3692 τὰ
1070 3635 1124 3702 τῆς
1135 3628 1275 3709 Κοισύρας

241 3746 363 3826 φρονεῖν,
384 3747 523 3821 περισσῶς
546 3744 732 3821 κοσμεῖσύοιι,
758 3744 1012 3827 κοιλλωιιίζεσύοιι,
1036 3747 1137 3826 ὁμοίως
1160 3758 1199 3832 τῇ
1213 3760 1275 3816 Κοι·

242 3858 330 3942 σύρρ·
354 3860 429 3938 κύτη
453 3861 482 3927 δὲ
498 3859 530 3938 ἦν
553 3864 626 3944 porri
642 3888 686 3938 τις
703 3864 780 3930 ιιύνν
796 3866 901 3940 tassio
916 3873 1067 3944 κοσμοῦσιν
1082 3869 1210 3949 inaniore
1224 3872 1274 3938 aa>

242 3993 278 4065 τῇ
298 3981 378 4067 ἄλλρ
399 3984 527 4071 traina).
552 3985 600 4053 ef.
625 3986 710 4051 Nub.
733 3989 806 4052 300.
833 3988 887 4053 Ad
902 3988 1038 4055 formam
1055 3989 1130 4057 vide
1146 3991 1275 4075 ἐγκορὶν·

242 4107 354 4172 λεῖσύοιι
385 4106 470 4171 Nub.
502 4109 553 4172 10.
588 4108 852 4175 ἐντεντλοινοῦσύοιι.
888 4112 970 4176 Aah.
997 4114 1072 4179 894.
1108 4115 1274 4196 ἕνύροοῦσύιο

243 4227 319 4314 Lys.
351 4230 426 4293 664.
457 4228 685 4295 ε’νοισιιιδοῦσύοιι.
718 4232 800 4297 Aah.
826 4235 901 4299 368.
927 4235 1181 4317 ἕμφορβειούσύοι.
1209 4237 1272 4305 Ar.

244 4350 319 4415 861.
344 4349 392 4415 Of.
418 4372 486 4418 voc.
510 4350 678 4433 ἕκκοονλύζω.
