3044 4926
242 301 284 366 38
656 295 860 378 ’ἀπαρυστέον

285 540 508 620 ἀπνορυπτέον
544 540 607 605 edi.
642 540 773 606 verbale
808 540 899 606 verbi
932 540 1075 616 ἀπορρύτου
1107 538 1274 629 (propriez

244 659 456 744 „exhaurire”
480 660 598 728 deinde
618 660 827 744 „detrahere,
843 660 1029 750 minuere'')
1046 661 1168 749 legitur
1183 661 1276 727 Aris-

243 782 333 870 toph.
364 783 424 871 Eq.
458 784 540 848 921:
572 782 754 861 ἀπννρυστέον
777 788 832 847 τῶν
854 783 983 846 ἀπειλῶν
1006 781 1120 861 τοιντρί.
1147 779 1274 847 SohoL:

241 903 423 984 ἀφονρετέυν.
454 903 602 968 Verbum
633 903 753 989 legitur
783 901 908 968 Herod.
941 906 972 966 4.
997 904 1028 966 2.
1052 902 1143 968 Plut.
1167 906 1275 989 tranq.

242 1046 294 1089 su.
320 1026 416 1088 ll.-
441 1023 491 1090 cf.
512 1023 647 1111 praefat.
671 1026 689 1109 ᾗ
714 1026 753 1088 11
772 1023 807 1102 β.

285 1141 522 1225 ἀπονυκυρίζον
546 1143 621 1209 vide
645 1143 686 1209 ed
709 1165 780 1210 νου.
804 1143 985 1226 ἀποβοδίζω.

286 1264 526 1345 ἀπενρολέχνο
565 1285 703 1353 „expers
738 1265 819 1349 tori,
853 1265 875 1328 i.
911 1286 940 1331 e.
973 1262 1124 1331 coelebs”
1154 1264 1276 1353 legitur

242 1387 329 1477 apud
351 1388 518 1475 Aristoph.
540 1388 575 1454 in
590 1388 721 1454 Thesm.
738 1411 768 1454 v.
789 1390 867 1453 119:
885 1387 967 1466 γάνον
982 1386 1141 1469 ὀλβίζουσα
1156 1394 1276 1459 Amata

239 1512 381 1591 ’Ἄρτεμιν
409 1513 599 1591 ἀπειρολεχῆ.
633 1511 680 1576 Of.
712 1509 911 1591 ἀπειρόγαμος
944 1509 1078 1597 (Eubul.
1111 1512 1143 1577 3.
1175 1509 1275 1599 222),

243 1632 424 1713 ἀπενράτοκος
440 1632 566 1720 (Antip.
584 1629 652 1698 sid.
673 1630 752 1720 ln).
776 1631 827 1696 De
843 1630 1079 1718 compositione
1095 1630 1171 1697 vide
1186 1630 1277 1708 βδελ-

248 1751 416 1836 λολάρνρξ,
453 1749 583 1839 (ἀπενρορ
613 1751 748 1840 λέχους).
780 1752 830 1817 Of.
862 1752 960 1817 etiam
983 1749 1121 1833 ἀλεκτρνς
1145 1751 1279 1840 (eudem

246 1872 395 1960 notione)
420 1873 520 1961 Soph.
545 1873 624 1938 Ant.
650 1874 725 1937 998.
749 1872 799 1937 nl.
824 1874 907 1950 950,
932 1903 973 1927 =
996 1869 1128 1951 ἀλέκτωρ
1150 1872 1275 1939 Athen.

247 1997 278 2060 3.
310 2015 341 2080 p.
374 1996 416 2058 98
433 1994 464 2058 5.
497 1991 657 2082 (Ἀάνρνά),
688 1992 786 2059 etad
810 1993 961 2059 formam:
985 1994 1151 2073 necessetate
1177 1992 1279 2081 Soph.

246 2116 296 2182 El.
321 2118 373 2180 97.
398 2116 562 2196 μονολεχοὶς
584 2115 673 2182 Plut.
699 2114 739 2180 de
764 2113 815 2180 ad.
840 2121 874 2180 et
897 2136 959 2180 am.
977 2113 1072 2180 diser.
1089 2115 1142 2180 20.
1168 2114 1280 2181 Rufin.

247 2238 290 2302 25
314 2237 371 2326 (V.
396 2234 455 2325 9.).

291 2359 505 2436 ἀπερυάρνάν
525 2355 777 2438 „dorubesoere‚
793 2357 945 2421 ruborem
961 2355 1144 2443 deponere”
1159 2355 1284 2444 legitur

248 2479 335 2569 opud
366 2479 620 2566 Aristophanem
651 2478 737 2544 Nub.
773 2479 876 2545 1216:
899 2485 1027 2558 κρεῖττον
1052 2473 1085 2551 ἦν
1107 2477 1189 2548 εὐθὺς
1212 2479 1283 2544 τάτε

247 2602 451 2680 ἀπερυάρνάτοον
484 2603 601 2676 μάλλον
632 2600 649 2674 ἢ
679 2605 766 2678 σχεῖν
796 2601 979 2678 πράρμοοτοο.
1011 2600 1070 2666 Est
1101 2601 1200 2665 etiem
1227 2622 1283 2690 up.

249 2719 402 2788 Meuand.
436 2722 466 2784 4.
500 2720 576 2784 294.
607 2718 760 2806 Apollod.
793 2721 823 2782 4.
856 2720 931 2784 454.
957 2719 1163 2784 Vocabulum
1187 2740 1207 2786 e
1229 2740 1286 2787 oo·

250 2841 378 2908 moedis
410 2841 548 2928 sumpsit
578 2841 714 2906 Luoien.
741 2840 814 2906 Iud.
839 2862 907 2906 voe.
932 2843 962 2905 8.
986 2841 1036 2906 of.
1060 2841 1161 2930 praef.
1185 2843 1204 2927 ᾖ
1230 2844 1283 2908 12.

251 2961 398 3050 Simplex
428 2963 552 3040 ε’ρυάρνάν
584 2966 634 3025 est
658 2981 709 3047 ep.
734 2960 820 3026 Plet.
844 2962 1011 3048 Aristoph.
1036 2962 1208 3028 Demosth.
1231 2962 1285 3030 (11.

254 3084 388 3174 praefat.
412 3086 430 3169 ᾗ
454 3085 484 3148 5.

297 3205 449 3271 ἀπεσάἀυ
477 3203 691 3287 „non-edere,
715 3207 757 3282 μὴ
781 3205 901 3270 ἕτάίενν”
925 3206 1046 3292 legitur
1070 3206 1157 3295 opud
1177 3207 1286 3274 ’Πιθο-

253 3351 407 3418 pompum
441 3330 476 3394 in
509 3330 548 3393 fr.
585 3330 645 3411 62,
680 3351 708 3394 v.
745 3331 783 3394 3:
819 3327 878 3410 „rat
908 3336 1034 3407 πετραῖον
1067 3335 1122 3393 τῶν
1151 3329 1288 3410 Ξχάυδάυν

252 3447 391 3515 intutu?
416 3447 596 3515 seoundum
619 3448 699 3514 Ath.
726 3451 776 3513 14.
802 3450 865 3513 649
883 3449 913 3513 b.
941 3448 1090 3514 Eustath.
1115 3451 1212 3533 1513,
1230 3451 1286 3516 27.

255 3572 303 3638 of.
335 3570 494 3644 ἀνήδονον,
525 3571 697 3649 ἀπερνάρνάν
727 3570 810 3654 (eine
841 3568 965 3656 pudore
996 3571 1081 3654 esse)
1112 3572 1169 3635 Ar.
1197 3571 1286 3637 nno.

257 3693 353 3756 1216.
384 3691 464 3756 Luo.
493 3688 564 3755 Iud.
596 3689 676 3756 Voo.
708 3694 738 3755 8.
763 3692 907 3756 ’Λπεοάίυ
931 3697 1041 3755 autem
1065 3691 1163 3756 etiam
1188 3692 1285 3758 elium

255 3815 422 3881 notionem
446 3815 562 3888 hebet,
587 3821 638 3879 est
661 3815 747 3879 euim
774 3814 917 3899 „exod0,
942 3814 1064 3880 erodo''
1081 3836 1131 3902 ep.
1148 3815 1206 3880 Ar.
1223 3816 1287 3881 Av.

256 3937 310 4000 26.
334 3934 501 4021 IIermipp.
526 3934 563 3997 fr.
587 3935 641 3997 24.
666 3936 719 3999 52.
743 3935 837 4000 Dom.
863 3937 914 4001 25.
941 3939 994 4003 61.
1019 3935 1169 4001 Pertinet
1186 3936 1288 4024 igitur

257 4054 298 4121 ed
322 4054 457 4143 pruefet.
481 4056 499 4139 ᾗ
522 4054 592 4133 no.

301 4176 529 4250 ἀπνλνονττάο
564 4177 638 4262 „qui
670 4184 720 4241 est
751 4175 876 4241 alienus
907 4197 926 4241 a
958 4176 1086 4242 iudiciis
1117 4184 1151 4242 et
1174 4178 1288 4244 litibus

259 4318 342 4386 quoe
373 4298 407 4362 in
437 4297 577 4365 Helieea
606 4297 788 4384 agitentur''
821 4319 871 4385 ep.
905 4298 1071 4386 Aristoph.
1103 4299 1137 4363 in
1169 4299 1233 4366 Ar.
1257 4320 1288 4366 r.
